4782 5920
911 478 1361 541 --11—

764 671 881 734 στόνων
903 673 1010 741 ἀϋτᾶς.
1034 671 1077 734 σό
1100 674 1126 733 τ’
1152 665 1177 734 ὧ

763 782 939 860 λατογένεια
963 777 1080 861 κοόρα
1104 779 1210 853 τόξον
1232 780 1434 855 ίντυκοίζου

766 885 876 968 ἅρτεμι
898 887 982 964 aaa.

340 995 428 1072 Quae
452 996 479 1058 si
502 993 736 1060 examinaveris
760 994 806 1058 eis
830 993 947 1057 ductus
970 992 1105 1076 legibue,
1128 1014 1208 1077 quas
1228 995 1266 1060 de
1285 995 1504 1059 dochmiorum
1524 995 1751 1078 compositione
1771 995 1874 1078 docui,
1897 995 2041 1080 singulas

233 1105 378 1168 invenies
402 1101 621 1166 dochmiorum
643 1101 761 1165 formas
784 1099 960 1184 aequaliter
982 1119 1057 1164 cum
1080 1104 1258 1184 pertatem
1281 1102 1442 1184 stropham
1467 1101 1623 1185 dispersas
1646 1106 1715 1165 tum
1739 1103 1880 1166 maxime
1902 1121 1960 1185 per
1986 1121 2040 1166 eos

233 1229 357 1291 versuo,
382 1227 462 1292 quos
485 1209 610 1292 primus
632 1207 826 1273 Ritsohelius
849 1206 953 1270 voluit
975 1225 1046 1272 esse
1069 1206 1256 1290 strophicos,
1278 1214 1316 1272 ut

446 1312 520 1376 ίδετε
543 1317 710 1396 παρθένων
729 1313 734 1397 Ι
754 1317 871 1375 ἱκέσιον
892 1311 986 1393 λόχον
1006 1313 1010 1396 Ι
1031 1310 1218 1381 δουλοσύνας
1243 1311 1324 1396 ὕπερ.
1345 1316 1349 1395 Ι
1369 1317 1470 1395 κῦμα
1495 1310 1563 1394 περὶ
1587 1311 1691 1374 πτόλιν
1699 1314 1738 1394 ²⁴)
1762 1319 1793 1378 et

445 1419 623 1501 φιλομάχον
643 1417 757 1500 κράτος
777 1420 782 1504 Ι
801 1420 958 1502 ῥυσίπολις
974 1424 1078 1501 Ιγενοῦ,
1099 1423 1103 1502 Ι
1125 1418 1262 1491 Παλλάς,
1287 1419 1304 1481 ὅ
1327 1423 1361 1482 θ’
1389 1424 1492 1488 ἵππιος
1512 1419 1517 1504 Ι
1538 1418 1756 1500 ποντομέδων
1775 1419 1858 1495 ἅναξ

235 1563 298 1610 non
322 1545 430 1609 minus
453 1546 568 1609 rationi
597 1546 798 1610 antitheticae
825 1545 930 1610 lavere
958 1565 1056 1629 quam
1082 1546 1156 1610 illos
1182 1565 1296 1611 versus
1324 1545 1576 1610 alloeometrr'cos
1603 1563 1728 1628 semper
1749 1545 1814 1610 iere
1837 1546 2041 1630 periodorum

234 1653 268 1714 in
298 1649 363 1714 fine
394 1653 522 1734 positos.
568 1651 733 1716 Habemus
766 1654 852 1716 enirn
886 1672 944 1717 sex
972 1653 1099 1718 easdem
1127 1654 1318 1738 hexapodias
1345 1651 1496 1718 iambicas
1524 1658 1572 1716 ter
1599 1651 1794 1716 catalecticas
1821 1654 1881 1735 ita,
1913 1658 1950 1717 ut
1974 1654 2043 1736 pari

234 1756 399 1822 intervallo
423 1759 538 1824 distare
561 1759 745 1824 videantur:

396 1867 456 1928 111
505 1864 635 1946 ἄρηξον
654 1865 659 1950 Ι
679 1864 774 1926 δαίων
794 1865 799 1949 Ι
820 1863 943 1928 ἅλωσιν.
1195 1867 1257 1930 126
1303 1863 1456 1943 φύλαξον
1475 1865 1479 1948 Ι
1500 1863 1633 1939 κήδεσαί
1653 1865 1679 1924 τ’
1703 1865 1707 1949 Ι
1728 1868 1868 1946 ἐναργῶς.

395 1973 458 2035 115
503 1970 692 2054 κινύρονται
711 1971 716 2055 Ι
737 1969 835 2048 φόνον
853 1973 986 2051 χαλινοί,
1195 1974 1257 2036 130
1304 1970 1472 2034 ἀπόουσαι
1493 1975 1497 2053 Ι
1519 1970 1748 2051 πελαζόμεσθα.

395 2081 458 2144 118
506 2081 731 2159 προσίστανται
756 2078 843 2156 πάλῳ
865 2078 1017 2158 λαχόντες.
1193 2081 1257 2143 134
1303 2105 1335 2138 υ
1360 2077 1469 2159 κοόρα,
1491 2078 1580 2152 τόξον
1602 2077 1776 2153 ἐντυκοίζου.

340 2202 465 2279 Quibus
487 2223 641 2268 versuum
671 2203 878 2286 apodicorum
910 2204 1066 2288 exemplis
1090 2224 1119 2266 v.
1150 2205 1211 2267 132
1241 2207 1361 2285 στρατῷ
1390 2201 1466 2278 δαΐῳ
1494 2201 1611 2264 στόνων
1634 2205 1733 2272 ἀυτᾶς
1755 2223 1796 2268 ne
1819 2203 1947 2285 addam,
1979 2203 2043 2267 duo

232 2310 436 2393 potissimum
466 2309 603 2393 obstant,
631 2312 786 2394 primum,
814 2310 900 2393 quod
927 2310 1074 2376 adiectivi
1101 2309 1187 2378 δάιος
1214 2308 1371 2392 bisyllaba
1398 2309 1500 2373 iorma
1526 2328 1632 2394 neque
1659 2331 1800 2395 usquam
1822 2311 1857 2374 in
1880 2309 2043 2374 codicibus

233 2415 423 2496 Aeschyleis
446 2415 581 2480 traditur
603 2436 719 2500 neque,
742 2415 796 2479 ubi
821 2415 995 2483 editoribus
1018 2417 1215 2482 restituenda
1237 2435 1307 2481 esse
1330 2415 1506 2496 videbatur,
1529 2419 1674 2501 quinque
1697 2419 1747 2482 his
1771 2419 1852 2484 locis
1870 2416 1957 2483 Pers.
1979 2417 2040 2480 271

234 2521 335 2602 (δῖαν),
360 2523 560 2586 282=28u
587 2525 650 2587 985
674 2529 705 2588 et
731 2521 869 2607 Ohodph.
895 2524 958 2588 628
981 2526 1187 2608 responsione
1211 2523 1436 2606 antistmphica
1458 2523 1641 2606 requiritur,
1668 2524 1814 2609 alterurn,
1838 2525 1926 2609 quod
1949 2522 2044 2588 verba

233 2627 289 2690 illa
316 2626 546 2693 absurdissima
574 2650 656 2713 quae
684 2637 761 2694 srmt
788 2628 905 2691 στόνων
933 2631 1031 2698 dordr
1058 2650 1124 2695 non
1152 2650 1325 2714 possumus
1355 2649 1419 2694 non
1443 2648 1499 2712 pro
1524 2631 1680 2713 corruptis
1702 2629 1831 2712 habere,
1859 2631 2043 2714 praesertim

234 2753 310 2798 cunr
338 2753 379 2798 ex
407 2736 503 2800 schol.
527 2735 563 2798 B.
592 2736 630 2800 ad
658 2737 688 2800 h.
716 2737 735 2800 l.
760 2741 820 2797 τῶν
842 2737 997 2818 ἡμετέρων
1024 2734 1141 2798 στόνων
1167 2735 1324 2818 ἀκροατής
1352 2735 1482 2800 alteram
1506 2736 1582 2799 olim
1603 2736 1704 2801 fuisse
1727 2737 1895 2802 lectionem
1919 2736 2044 2800 elucere

233 2841 380 2905 videatur
408 2840 508 2914 ἀιτάς,
536 2851 574 2907 ut
596 2843 757 2908 Seidlerus
780 2843 897 2920 voluit,
919 2843 971 2907 vel
992 2844 1099 2927 potius
1124 2843 1223 2914 άῒτας,
1248 2855 1284 2906 ut
1306 2842 1481 2924 Stanleius,
1503 2842 1556 2906 vel
1579 2843 1674 2906 etiam
1698 2844 1800 2917 ἀιτης,
1825 2843 1910 2928 quod
1932 2842 2044 2908 Haim-

234 2948 376 3011 soethius
399 2967 456 3031 pro
480 2951 559 3018 ἀιτίς
582 2950 634 3016 rel
658 2951 737 3018 ἀίτις
759 2951 900 3034 positum
923 2951 1023 3015 trisse
1047 2951 1234 3034 suspicatur,
1258 2955 1295 3013 ut
1317 2949 1395 3013 haec
1419 2947 1514 3012 verba
1536 2949 1575 3013 ad
1593 2947 1730 3014 Dianam
1749 2956 1893 3034 spectent
1916 2949 2046 3032 (στόνων

233 3055 260 3113 τ’
287 3055 432 3133 ἀιτίς)’5).
479 3055 593 3140 Itaque
619 3057 654 3120 in
683 3076 718 3122 re
741 3061 804 3121 tam
829 3056 948 3121 difficili
974 3059 1002 3121 si
1024 3058 1214 3121 coniecturis
1237 3055 1403 3139 indulgere
1427 3075 1524 3138 quam
1548 3057 1657 3119 omnia
1678 3057 1713 3120 in
1735 3058 1840 3121 medio
1863 3057 2044 3141 relinquere

232 3161 335 3244 malis,
367 3181 424 3245 per
454 3181 507 3226 me
539 3163 613 3227 licet
641 3165 779 3230 conicias
806 3163 889 3228 hanc
915 3164 1059 3228 lectionis
1086 3165 1270 3227 variantem
1301 3162 1375 3226 inde
1403 3169 1510 3226 natam
1538 3181 1617 3244 esse,
1650 3162 1736 3245 quod
1764 3162 1905 3244 syllabae
1928 3163 1988 3224 ἀυτ
2010 3165 2044 3227 in

232 3269 375 3351 margine
393 3268 568 3353 adscriptae
586 3269 705 3334 fuerint
723 3277 755 3335 et
771 3271 849 3335 falso
868 3269 907 3334 ab
925 3269 1050 3334 librario
1069 3289 1126 3355 pro
1150 3275 1328 3334 correctura
1350 3269 1438 3334 verbi
1462 3270 1550 3344 ἀιτης
1573 3276 1610 3334 ut
1633 3275 1717 3334 esset
1739 3271 1836 3344 ἀυτης
1854 3270 1894 3334 ad
1912 3288 2044 3334 versum

232 3375 418 3454 proximum
442 3381 624 3460 assumptae
648 3378 721 3460 sint,
743 3397 855 3442 revera
877 3384 985 3442 autern
1007 3378 1187 3462 pertineant
1210 3376 1249 3440 ad
1271 3397 1300 3438 v.
1327 3376 1389 3439 130
1414 3376 1582 3448 dudonem,
1607 3376 1693 3459 quod
1712 3376 1846 3441 verbum
1864 3377 1944 3442 falso
1963 3377 2045 3441 tradi

235 3477 430 3558 syllabarum
455 3484 615 3564 quantitas
638 3484 757 3548 indicat
779 3489 992 3566 Ι-υ--
1011 3503 1069 3567 pro
1089 3485 1314 3566 υ---Ι
1337 3489 1374 3547 ut
1397 3485 1439 3548 sit
1461 3485 1613 3545 ἀυτοῦσαι
1638 3502 1713 3547 vera
1736 3484 1833 3548 huius
1857 3484 1917 3548 loci
1941 3483 2046 3566 locti0,

236 3603 317 3665 quae
347 3584 475 3668 quidem
505 3586 544 3650 ab
568 3587 705 3653 Seidlero
728 3589 980 3674 Hermannoque
1008 3597 1134 3673 recepta
1161 3591 1371 3674 praestantior
1398 3609 1467 3655 esse
1489 3589 1617 3654 videtur
1640 3609 1737 3673 quam
1765 3589 1928 3661 ἀλύουσαι,
1958 3591 2045 3674 qnod

234 3689 288 3753 Th.
311 3689 471 3774 Bergkius
492 3692 633 3758 Henrico
655 3694 771 3759 Weilio
798 3695 951 3779 probavit
999 3694 1112 3762 Confer
1140 3716 1259 3781 quaeso
1282 3695 1391 3781 Eurip.
1415 3695 1542 3782 Hippoi.
1573 3696 1634 3758 166
1663 3696 1723 3757 τάν
1750 3696 1775 3757 δ’
1801 3695 1928 3777 attagen
1950 3697 2045 3776 οὐρα-

236 3799 307 3858 νίαν
326 3801 330 3882 Ι
351 3796 446 3870 τόξων
466 3798 639 3880 μεδίουσαν
662 3802 767 3863 ἀυτεῖν
786 3800 952 3886 ΙἍρτεμιν.
1891 3866 1892 3870 ,

344 3904 435 3969 Unus
460 3905 596 3991 denique
621 3909 658 3973 de
682 3929 740 3975 sex
758 3909 821 3974 illis
845 3909 992 3974 versibus
1015 3909 1155 3994 apodicis
1180 3911 1237 3994 qui
1258 3909 1462 3995 relinquitur,
1484 3931 1514 3974 v.
1535 3907 1598 3974 13‘4
1617 3910 1656 3975 ab
1675 3911 1850 3976 editoribus
1868 3912 1954 3974 varie
1977 3917 2045 3974 ten·

235 4015 320 4075 tatus
347 4010 497 4077 facillimo
523 4016 650 4098 negotio
677 4017 722 4081 ita
745 4036 815 4082 mea
839 4017 968 4102 quidem
994 4019 1150 4081 sententia
1172 4024 1311 4100 sanatur,
1334 4024 1372 4082 ut
1393 4037 1568 4102 pronomen
1592 4017 1631 4079 σύ
1655 4037 1697 4082 ex
1719 4037 1817 4083 versu
1839 4016 2044 4082 antecedente

235 4125 431 4182 assumatur:
452 4119 491 4181 οδ
509 4120 609 4202 κούρα
628 4122 716 4196 τόξον
733 4124 962 4210 formatam).
1000 4122 1152 4188 Maiorem
1171 4143 1246 4188 vero
1266 4124 1484 4189 difficultatem
1503 4126 1649 4207 proxima
1666 4123 1763 4190 verba
1782 4123 1917 4188 afferunt
1938 4142 2045 4208 neque

235 4225 392 4308 strophica
410 4226 450 4290 ad
473 4229 726 4295 emendationem
750 4231 886 4296 conferri
909 4237 1055 4316 possunt,
1079 4233 1197 4315 quippe
1221 4251 1304 4315 quae
1327 4238 1359 4296 et
1379 4232 1450 4314 ipsa
1472 4235 1621 4314 corrupta
1642 4236 1675 4295 ot
1697 4231 1851 4295 lacunosa
1874 4249 1944 4296 ease
1962 4231 2046 4296 inter

236 4349 347 4395 omnes
371 4340 502 4418 constet,
525 4337 732 4420 maximeque
750 4358 779 4402 v.
802 4338 862 4400 117
888 4337 1000 4404 πύλαις
1023 4336 1180 4421 ἑβδόμαις,
1205 4357 1287 4421 quae
1310 4337 1406 4402 verba
1424 4336 1464 4400 H.
1483 4337 1619 4403 Weilius
1639 4337 1744 4402 dubiis
1764 4342 1795 4401 et
1813 4337 1846 4400 in
1866 4338 1996 4423 stropha
2014 4343 2045 4403 et

233 4439 268 4501 in
295 4440 490 4525 antistropha
517 4445 709 4509 coniecturis
736 4443 846 4512 πόλαις
875 4444 1081 4526 ίπταστόμοιε
1103 4451 1133 4509 et
1157 4444 1198 4505 σό
1220 4446 1246 4504 τ’
1273 4438 1297 4505 ὦ
1320 4445 1454 4505 Λατωία
1477 4442 1577 4525 (κόρα,
1600 4443 1733 4518 τόξοισιν
1754 4435 1789 4505 εὖ
1812 4443 1955 4524 τυχοίζουΙ
1980 4464 2045 4510 ser-

234 4564 308 4611 vare
335 4547 454 4614 frustra
482 4551 604 4616 studuit
612 4553 663 4632 ¹²).
713 4549 796 4616 Nam
826 4553 958 4636 propius
991 4554 1060 4617 sine
1093 4550 1191 4616 dubio
1224 4551 1264 4615 ad
1291 4571 1399 4616 veram
1426 4553 1582 4615 rationem
1617 4550 1737 4614 accedit
1768 4550 1929 4634 lacunam,
1963 4571 2045 4636 quae

235 4651 420 4720 Hermanno
442 4663 514 4742 post
536 4679 565 4722 v.
592 4659 655 4722 118
678 4663 806 4743 propter
828 4660 1043 4744 antistrophae
1067 4659 1182 4723 ultima
1204 4657 1300 4722 verba
1325 4656 1448 4740 Ἄρτεμι
1471 4660 1548 4736 φίλα
1571 4657 1667 4721 latere
1690 4655 1868 4738 videbatur,
1890 4657 1951 4721 hoc
1972 4658 2043 4741 ipso

435 4823 553 4830 *⁶-

341 4906 384 4971 24)
402 4906 473 4962 Nam
496 4907 547 4978 reip
570 4907 732 4977 particulam
751 4911 823 4961 recta
846 4907 879 4961 ab
898 4905 1048 4962 Ritschelio
1073 4905 1187 4962 deletam
1207 4921 1301 4961 omnes
1321 4905 1501 4960 consentiunt.
1663 4902 1867 4970 lustralia:
1887 4903 2044 4959 Dindorfins
2068 4947 2071 4955 ,

237 4989 360 5064 dilatrare,
387 4995 575 5052 Weckleinius
602 4993 725 5064 ἀντίτας,
754 4990 922 5051 Birchelera's
950 4997 1045 5055 αἴτιος.
1236 4995 1281 5064 26)
1306 4993 1350 5049 Sic
1378 4995 1451 5048 enim
1478 4993 1546 5048 Lud.
1574 4992 1731 5048 Dindorfius
1759 4996 1830 5049 rocta
1857 4993 1887 5046 in
1914 4992 2045 5062 Stephani

235 5083 364 5140 thesauro
382 5085 433 5140 sub
451 5103 477 5141 v.
498 5085 607 5145 εὔτυκος
624 5085 746 5140 restitnit
764 5085 867 5141 anxilio
885 5101 954 5142 usna
973 5084 1078 5156 glossae
1096 5084 1286 5155 Hesychianae
1305 5080 1463 5138 τδτύταζον·
1484 5081 1612 5134 εὔτυκτον
1631 5083 1682 5146 ixa,
1701 5082 1816 5144 ἕτοιμον·

342 5173 386 5243 27)
405 5175 557 5238 Aeternis
574 5173 739 5243 Dindorfius,
758 5175 866 5234 Λατοίς
885 5173 1031 5244 Seidlerus,
1050 5175 1164 5226 Λαταΐα
1182 5171 1381 5243 Weatphalius.

1793 5260 1829 5314 2*
