4782 5920
1044 475 1202 483 ..--
1249 439 1290 500 32
1337 475 1494 482 —-..

1241 703 1299 767 ΙΙΙ.

472 851 498 914 l.
532 847 581 912 De
603 847 743 912 carmine
765 845 819 911 illo
842 846 1042 926 anapaestico
1066 846 1153 931 quod
1177 851 1225 910 est
1243 866 1272 908 v.
1292 846 1466 910 soa-811
1493 846 1625 910 eandem
1649 846 1834 908 etiamnunc
1857 851 1949 909 teneo
1974 845 2173 926 sententiam,

361 976 460 1041 qnam
484 955 558 1018 olim
582 957 616 1018 in
640 959 760 1038 quaest.
783 960 873 1018 metr.
898 953 937 1016 de
960 937 1093 1018 numero
1117 959 1275 1036 anapaest.
1298 951 1383 1036 Lips.
1410 951 1503 1016 1869.
1524 973 1552 1036 p.
1573 953 1623 1014 41.
1647 951 1773 1036 protuli.
1810 950 1940 1015 Lacuna
1957 952 2052 1032 enim,
2076 971 2171 1035 quam

361 1068 433 1146 post
455 1083 484 1124 r.
509 1062 574 1126 804
599 1067 716 1142 statuo,
740 1063 767 1124 si
791 1059 905 1142 ῥόεσδε
928 1060 1018 1144 legis,
1040 1079 1082 1122 ex
1105 1067 1248 1143 correpta
1270 1059 1383 1123 ultima
1405 1058 1535 1141 syllaba,
1559 1060 1609 1122 sin
1633 1056 1768 1141 ῥύεσθαι
1786 1057 1935 1142 praefers,
1957 1076 1995 1121 eo
2012 1056 2172 1141 probatur,

363 1170 450 1254 quod
473 1169 630 1232 enuntiati
653 1163 904 1249 11111111(ο1“δη“
928 1164 1064 1246 Κάδμου
1086 1163 1218 1247 πύργους
1240 1165 1347 1228 τούσδε
1370 1164 1518 1251 ῥύεσθαι)
1542 1165 1676 1230 verbum
1698 1164 1826 1229 finitum
1849 1165 2031 1249 requiritur.
2069 1162 2172 1240 Quam

363 1277 494 1361 quidem
522 1276 668 1338 lacunam
698 1293 772 1338 cum
796 1273 925 1338 Prienio
953 1270 1058 1336 verbis
1081 1274 1232 1354 ἀρχαίους
1260 1274 1312 1336 rel
1334 1274 1412 1336 adeo
1436 1273 1583 1354 ὠγυγίους
1606 1272 1728 1357 expleri
1751 1291 1816 1335 non
1838 1291 1933 1356 posse
1957 1271 2068 1335 exeis
2092 1289 2172 1354 quas

362 1384 401 1448 da
423 1403 520 1448 versu
546 1381 743 1464 paroemiaco
767 1381 793 1463 ᾗ.
820 1381 859 1442 17
891 1380 985 1443 docui
1007 1379 1184 1443 rationibus
1209 1385 1344 1464 apparat.
1391 1377 1478 1455 Quas
1500 1380 1534 1442 in
1558 1379 1692 1443 dubium
1715 1397 1830 1443 vocare
1854 1397 1890 1443 eo
1915 1379 2024 1441 minus
2047 1377 2173 1460 poteris,

361 1489 446 1574 quod
475 1489 513 1552 de
541 1487 645 1552 tribus
672 1487 735 1551 illis
758 1488 851 1568 locis,
874 1487 930 1571 qui
957 1486 1007 1550 his
1029 1505 1208 1571 repugnare
1230 1486 1433 1568 ridebantur,
1461 1485 1525 1550 duo
1553 1487 1616 1549 iam
1640 1486 1681 1549 ad
1704 1485 1822 1549 codicis
1844 1483 2052 1550 Laurentisni
2075 1484 2172 1566 scrip-

360 1603 467 1660 turam
495 1594 720 1660 emendantur:
748 1592 862 1657 Aeseh.
891 1591 978 1656 Pers.
1009 1593 1050 1654 55
1078 1591 1134 1652 καί
1161 1593 1312 1668 τοξουλκῷ
1335 1593 1452 1673 λήματι
1481 1591 1605 1660 πιστούς
1629 1597 1660 1657 et
1682 1591 1778 1676 Soph.
1801 1594 1876 1655 Ant.
1903 1592 1967 1655 939
1991 1589 2113 1672 ἄγομαι
2135 1587 2172 1663 δὴ

362 1701 418 1783 ἐγὼ
437 1703 559 1762 κούκέτι
581 1704 689 1781 μέλλω,
719 1720 804 1764 unns
828 1706 946 1781 autem,
969 1701 1025 1783 qui
1047 1705 1205 1780 remanet,
1232 1701 1283 1765 Αἰ.
1309 1701 1393 1763 1416
1418 1719 1489 1765 mea
1513 1699 1642 1784 quidem
1667 1700 1825 1764 sententia
1847 1697 1994 1781 perfacile
2017 1695 2173 1781 particula

360 1811 436 1869 ποτί
460 1813 532 1893 post
560 1830 605 1868 πω
629 1809 746 1872 inserta
768 1809 959 1871 restituitur:
989 1803 1108 1866 κούδενί
1131 1805 1252 1868 πώποτε
1275 1807 1366 1882 λῴονι
1389 1810 1515 1882 θνητῶν
1535 1807 1539 1890 l
1560 1803 1700 1873 Αἴαντος
1723 1809 1793 1876 κτλ,
1824 1806 1861 1872 ef.
1885 1807 1940 1868 Ar.
1963 1805 2059 1888 ¹llesp.
2086 1804 2170 1866 1027

359 1914 459 1976 οὐδενί
481 1913 607 1976 πώποτέ
626 1912 703 1993 φησὶ
728 1916 898 1975 πυθέσθαι.

465 2056 589 2122 Deinde
616 2075 730 2120 versus
759 2056 822 2119 807
852 2061 883 2119 et
906 2056 970 2119 808
999 2055 1019 2129 ἢ
1042 2053 1112 2123 τοὺς
1138 2054 1287 2136 μογεροὺς
1315 2055 1370 2116 καὶ
1393 2055 1603 2138 δυσδαίμονας
1626 2057 1772 2126 ἀτέκνους
1795 2053 1919 2117 κλαύσω
1944 2051 2173 2134 πολ1μοὶρχουςς

360 2166 393 2228 id
416 2164 503 2248 quod
527 2162 565 2228 ab
587 2165 670 2246 Aug.
694 2161 852 2227 Meinekio
875 2161 983 2246 philol.
1006 2159 1083 2224 XX.
1105 2182 1135 2245 p.
1161 2160 1200 2224 61
1226 2163 1290 2227 iam
1307 2163 1505 2228 intellectum
1523 2182 1552 2247 p.
1575 2164 1612 2226 ll
1634 2163 1873 2245 admonueram,
1896 2161 2003 2245 aliqua
2022 2165 2172 2243 exparte

360 2276 527 2355 corruptos
546 2289 617 2334 esse
635 2287 673 2333 11
696 2267 732 2332 fit
755 2269 855 2333 multo
879 2267 1097 2350 verisimilius
1120 2268 1206 2352 quod
1229 2289 1335 2353 neque
1358 2269 1498 2350 syllabae
1521 2271 1601 2333 istae
1624 2275 1776 2354 quattuor
1795 2269 1907 2334 breves
1928 2288 2030 2348 μονας
2050 2265 2055 2349 Ι
2077 2266 2172 2335 ἀτέκ,

359 2377 433 2441 licet
464 2395 596 2440 caesura
622 2376 807 2458 intercedat,
836 2375 915 2440 bane
948 2381 1143 2458 congruunt,
1171 2394 1276 2459 neque
1305 2375 1451 2456 dactylus
1480 2374 1666 2457 (δαίμονας)
1689 2382 1762 2461 post
1790 2375 1968 2460 spondeum
1992 2371 2060 2456 (καὶ
2092 2371 2171 2452 δυο)

359 2482 412 2547 rol
435 2489 642 2566 anapaestum
664 2482 775 2546 eadem
798 2482 924 2565 dipodia
947 2500 1116 2546 occurrens
1140 2481 1313 2546 offensione
1337 2501 1442 2547 carere
1464 2481 1600 2564 videam,
1623 2485 1686 2547 nisi
1711 2483 1847 2568 singulis
1873 2480 2066 2565 quibusdam
2084 2479 2173 2561 locis,

359 2589 415 2653 ubi
438 2594 495 2652 aut
516 2587 555 2651 ab
579 2588 676 2653 altero
699 2589 862 2672 proximae
886 2587 1030 2670 dipodiae
1050 2589 1173 2670 dactylo
1193 2590 1362 2672 excipitur,
1384 2594 1421 2652 ut
1439 2592 1498 2674 Ag.
1519 2591 1570 2652 92.
1590 2589 1693 2674 suppl.
1717 2591 1811 2653 1054.
1835 2587 2172 2673 Soph.Trach.1275,

360 2700 417 2759 aut
448 2701 578 2779 propter
605 2713 722 2758 nomen
751 2696 914 2779 proprium
943 2701 1131 2777 excusatur,
1158 2699 1194 2759 nt
1221 2697 1336 2760 Aesch.
1369 2696 1471 2780 suppl.
1496 2696 1532 2777 6,
1558 2702 1614 2760 aut
1641 2695 1697 2759 ubi
1725 2696 1849 2761 vocales
1876 2695 2026 2759 facillime
2055 2692 2171 2757 ooales-

360 2805 451 2884 1111,
490 2807 526 2864 11
555 2803 614 2884 Ag.
646 2799 710 2865 360
747 2800 904 2882 (δίκτυον),
942 2802 1037 2866 Arist.
1066 2801 1162 2886 Vesp.
1192 2802 1256 2864 624
1293 2801 1339 2883 (τὸ
1375 2800 1592 2883 δικαστήριον).
1646 2803 1715 2867 Iam
1752 2822 1827 2867 vero
1865 2801 1906 2864 ad
1937 2801 1995 2864 has
2026 2801 2171 2865 metricas

359 2909 498 2972 rationes
521 2907 655 2990 accedit,
684 2908 769 2992 quod
792 2908 928 2972 alterum
951 2908 1031 2973 illud
1055 2911 1201 2976 ἀτέκνους
1223 2909 1284 2972 alia
1308 2929 1437 2994 qnoque
1461 2909 1499 2973 da
1523 2930 1638 2974 caussa
1659 2913 1717 2973 vix
1744 2909 1911 2974 ferendum
1934 2907 2074 2988 videtur,
2097 2925 2169 2969 cum

358 3015 474 3080 ‘liberis
507 3013 659 3079 carentes’
691 3014 802 3079 inritis
828 3015 943 3080 fabulis
976 3017 1094 3099 exponi
1122 3035 1188 3079 non
1215 3018 1324 3099 possit.
1375 3016 1488 3099 Itaque
1515 3017 1565 3080 his
1592 3016 1698 3082 verbis
1726 3014 1936 3096 δυσδαίμονας
1963 3019 1994 3078 11
2026 3014 2168 3076 ἀτέκνους

358 3141 467 3186 raram
492 3121 568 3184 olim
592 3121 782 3204 scripturam
806 3121 997 3205 explicatam
1019 3122 1120 3187 inisse
1144 3121 1256 3186 similis
1279 3122 1512 3206 quodammodo
1537 3125 1655 3187 evincit
1672 3123 1785 3188 scholii
1803 3122 1938 3187 Medicei
1955 3115 2165 3202 interpretatio

359 3227 408 3290 ίσὶ
435 3230 523 3304 κακῷ
547 3231 712 3307 τεγδέντας
741 3227 761 3303 ἢ
788 3226 858 3296 τοὺς
883 3227 931 3309 μὴ
958 3227 1245 3303 τεκνοποιήσαντας.
1290 3227 1406 3292 Nonne
1432 3231 1534 3313 igitur
1561 3229 1636 3295 inde
1664 3231 1769 3294 elucet
1795 3229 1929 3294 verbum
1956 3223 2086 3308 aliquod
2107 3222 2166 3286 hoc

359 3336 427 3400 loco
454 3336 570 3418 1111111,
598 3335 691 3398 cuius
720 3333 840 3418 duplex
863 3354 933 3399 esse
960 3337 1066 3420 potuit
1091 3335 1141 3399 ris
1170 3339 1201 3399 et
1229 3335 1311 3400 male
1337 3334 1626 3418 1111(δοοδαίμον)
1655 3342 1687 3400 11
1713 3337 1813 3402 malos
1835 3337 1887 3400 rel
1909 3334 2037 3399 omnino
2061 3329 2168 3396 nullos

361 3447 452 3506 natos
476 3441 620 3505 habentis
644 3440 813 3523 (ἄτεκν1ς11
860 3440 958 3525 Quid,
985 3444 1013 3506 si
1041 3441 1179 3506 conicias
1204 3440 1273 3510 τοὺς
1300 3440 1480 3511 δυστέκνους
1500 3443 1504 3526 Ι
1525 3441 1641 3525 ἄνδρας
1668 3449 1700 3508 11
1726 3444 1761 3508 in
1790 3443 1908 3508 scholio
1936 3437 2170 3511 δυστέκνους·ἢ

362 3547 572 3630 δυσδαίμονας
594 3547 651 3609 καί
673 3545 722 3608 ἐπὶ
745 3551 832 3624 κακῷ
855 3551 1023 3627 τεχθέντος
1046 3548 1067 3623 ἢ
1090 3549 1235 3617 ἀτέκνους
1258 3547 1313 3610 καὶ
1335 3548 1498 3630 perlatura
1522 3549 1735 3625 ποιήσανταςῗ

464 3689 567 3755 Tertio
592 3690 732 3774 denique
754 3690 823 3754 loco
846 3711 875 3753 r.
900 3691 974 3772 810,
996 3690 1027 3753 id
1052 3691 1140 3774 quod
1161 3689 1368 3758 Hermannus
1391 3694 1514 3777 primus
1537 3694 1710 3774 intellexit,
1737 3695 1971 3757 monometrum
1995 3689 2172 3774 anapaesti-

359 3816 435 3860 cum
457 3797 655 3861 intercidisse
679 3817 875 3882 quamquam
899 3816 993 3861 nemo
1018 3817 1106 3861 nunc
1128 3802 1233 3881 negat,
1255 3803 1362 3862 tamen
1386 3798 1521 3864 dubium
1544 3806 1601 3877 est,
1625 3819 1707 3883 quae
1729 3799 1828 3863 rerba
1851 3798 2038 3878 exciderint,
2062 3801 2172 3861 11111111

360 3905 475 3964 κλεινοί
495 3904 521 3963 τ’
548 3902 693 3966 1τεόν111
717 3902 775 3964 σύν
797 3905 823 3964 τ’
850 3903 979 3978 εὐκλείᾳ,
1004 3905 1111 3988 qualia
1133 3904 1340 3968 Hermannus
1362 3906 1536 3988 proposuit.
1584 3902 1690 3981 Quare
1712 3907 1772 3968 etsi
1795 3905 1857 3968 alia
1881 3923 2012 3989 quoque
2035 3910 2174 3988 possunt

359 4009 547 4093 excogitari,
574 4029 648 4075 cum
677 4015 764 4074 tanta
786 4013 820 4073 in
843 4010 902 4073 hac
924 4029 958 4074 re
981 4013 1182 4076 accuratione
1205 4030 1271 4075 non
1294 4029 1375 4094 opus
1398 4011 1455 4091 sit,
1482 4016 1518 4073 nt
1540 4015 1677 4094 utraque
1700 4010 1848 4076 vocabuli
1870 4031 1943 4096 pars
1966 4018 1997 4075 et
2018 4011 2113 4070 Ἐτεο-
2141 4017 2174 4074 11

360 4119 448 4190 κλέης
470 4117 669 4201 respiciatur,
695 4136 752 4201 ago
776 4116 831 4177 καὶ
854 4120 1032 4191 πολυκληεῐς
1055 4136 1152 4202 quam
1172 4119 1365 4192 retraetata
1383 4117 1551 4180 maluerim
1573 4122 1746 4202 propterea,
1766 4119 1852 4202 quod
1870 4124 1939 4183 tum
1958 4117 2050 4181 facile
2068 4119 2174 4200 potuit

359 4221 438 4304 fieri,
460 4228 498 4286 ut
521 4223 599 4288 haec
621 4225 690 4308 ipsa
712 4223 808 4288 rerba
831 4223 924 4287 oculo
948 4224 988 4288 ad
1009 4225 1157 4308 proxima
1179 4221 1245 4284 καὶ
1268 4225 1484 4290 πολυνεικεῖς
1507 4222 1672 4288 aberrante
1695 4225 1946 4309 neglegerentur.

467 4367 496 4427 2.
528 4366 578 4429 Ac
610 4385 651 4430 ne
684 4365 722 4430 de
749 4367 852 4450 primo
886 4365 1017 4448 quidam
1050 4366 1251 4450 stropharum
1278 4366 1347 4450 pari
1375 4365 1478 4428 multa
1503 4367 1599 4432 rerba
1629 4367 1775 4432 facienda
1807 4385 1877 4431 esse
1900 4368 2043 4433 arbitror.
2088 4368 2172 4433 Nam

358 4475 533 4554 praeterr.
558 4473 634 4554 817,
660 4472 716 4536 ubi
744 4470 902 4554 δυσφόρως
928 4491 985 4556 per
1007 4491 1145 4538 errorem
1172 4493 1229 4557 pro
1257 4470 1416 4555 δυσμόρως
1438 4472 1501 4557 legi
1524 4492 1566 4537 ox
1589 4472 1708 4537 scholio
1731 4473 1874 4538 Mediceo
1896 4482 1981 4540 recte
2004 4475 2173 4559 colligitru,

359 4579 388 4641 si
411 4577 450 4640 ab
473 4578 570 4642 rebus
598 4580 823 4644 minutissimis
850 4580 986 4661 recedis,
1015 4577 1124 4663 quales
1148 4585 1225 4643 sunt
1247 4578 1361 4662 καρδία
1384 4599 1441 4662 pro
1464 4578 1612 4662 καρδίαν,
1639 4577 1794 4642 ἄσσιστον
1815 4601 1872 4666 pro
1896 4580 2035 4654 ἄσωτον,
2064 4582 2173 4645 omnia

360 4683 631 4768 quemadmodum
660 4686 695 4748 in
722 4686 831 4750 codice
857 4685 998 4751 Medicas
1026 4687 1201 4770 perscripta
1227 4685 1390 4770 leguntru,
1423 4705 1500 4750 sana
1528 4706 1598 4752 esse
1628 4688 1707 4750 mihi
1735 4688 1892 4752 videntur.
1943 4687 2057 4771 Neque
2084 4689 2172 4752 enim

360 4793 466 4855 statim
495 4790 534 4854 ab
562 4792 652 4854 initio
681 4792 858 4876 quidquam
887 4792 1076 4856 mutandum
1100 4797 1156 4856 ast.
1201 4791 1285 4856 Nam
1309 4812 1505 4877 quamquam
1529 4794 1676 4879 Weilius,
1700 4797 1756 4879 qui
1779 4797 1814 4859 in
1837 4795 2025 4880 explicanda
2048 4797 2082 4854 τέ
2101 4813 2172 4878 par-

359 4897 458 4962 ticula
485 4903 517 4961 et
538 4899 573 4960 in
597 4897 709 4962 ultima
730 4899 819 4964 verbi
842 4901 939 4960 τελεία
962 4899 1083 4980 syllaba
1105 4897 1260 4983 producta
1282 4899 1399 4981 haeret,
1427 4901 1504 4963 satis
1527 4901 1678 4966 audacter
1700 4903 1835 4966 coniecit
1857 4901 2061 4965 scribendum
2086 4920 2170 4966 essa:

358 4996 521 5084 ὧμεααιν·
553 5003 627 5084 ἀρά,
656 5009 744 5067 reae
771 5011 870 5086 γένεος
894 5003 1022 5066 Οίδίπου
1050 5004 1153 5086 κάρα,
1181 5011 1288 5069 tamen
1311 5008 1462 5070 streletz
1486 5015 1571 5073 recta
1594 5027 1628 5073 se
1650 5007 1764 5072 habere
1786 5025 1900 5070 versus
1923 5009 2171 5093 antistrophicus

359 5111 460 5194 docet,
488 5111 592 5195 qualis
620 5113 654 5174 in
678 5111 818 5176 Medicas
844 5112 951 5176 codice
978 5113 1162 5177 exhibetur:
1192 5113 1351 5196 ἐξέπραξεν
1373 5110 1437 5174 οὐδ’
1464 5115 1602 5175 ἀπεῖπεν
1629 5113 1788 5194 πατρόθεν
1816 5117 1891 5184 κτλ,
1922 5135 2029 5200 neque
2056 5116 2110 5180 illa
2140 5119 2176 5176 τέ
