4782 5920
927 384 1378 445 *ol-..—

250 603 331 668 quae
359 591 436 648 sunt
463 584 502 652 ὡς
530 581 594 644 οὐδ’
626 581 667 642 ἂν
686 579 777 663 Ἄρης
805 580 858 658 σφ’
889 577 1016 660 ἐκβάλοι
1044 577 1262 660 πυργωμάτων.
1309 578 1398 655 Quae
1422 599 1619 664 quamquam
1642 599 1708 643 non
1732 587 1796 644 tam
1820 581 1927 662 certiS,
1957 599 2055 664 quam

248 693 353 776 priora
379 690 451 770 illa,
479 690 738 754 demonstrantur
764 687 976 770 argumentis,
1003 691 1109 750 tamen
1138 705 1297 750 summam
1325 686 1439 750 habere
1467 684 1720 769 probabilitatem
1744 705 1784 750 ex
1807 687 1887 770 ipsis
1910 687 2055 752 adversa-

248 799 369 861 riorum
392 795 571 860 rationibus
595 812 745 880 apparere
768 791 1000 857 demonstrabo.
1038 791 1120 856 Nam
1144 799 1268 856 utnon
1293 793 1396 857 dicam
1420 792 1458 856 de
1479 794 1601 857 ratione
1625 793 1769 874 Martini,
1797 795 1854 877 qni
1881 793 1961 858 falsa
1983 814 2055 879 pro-

248 905 388 968 nominis
417 901 490 978 τῷὸε
518 904 584 986 (pro
612 899 707 981 τόνδε)
734 900 989 984 interpretatione
1018 899 1158 980 ducitur,
1190 899 1263 962 vide
1292 899 1370 982 quid
1397 898 1638 964 Heimsoethius
1667 905 1776 963 contra
1804 900 1928 964 dixerit.
1975 900 2056 967 Cum

248 1009 288 1074 ad
315 1011 444 1074 initium
472 1009 570 1072 huius
598 1009 748 1072 orationis
776 1006 1011 1090 expediendum
1043 1007 1083 1070 ad
1116 1025 1169 1070 eas
1196 1005 1317 1090 figuras
1350 1007 1501 1070 oratorias
1530 1006 1687 1090 confugit,
1719 1026 1800 1090 quae
1828 1006 1867 1070 ab
1894 1007 1954 1070 hoc
1988 1009 2055 1073 1050

249 1116 460 1180 alienissimae
482 1115 633 1179 videntur
658 1133 737 1196 esse,
764 1114 804 1178 ad
827 1111 1045 1188 ἀποσιώπησιν
1067 1119 1099 1177 et
1121 1111 1347 1194 ἐπανόρθωσιν,
1375 1132 1481 1177 50555
1505 1115 1622 1178 iterum
1646 1111 1813 1177 confirmat
1835 1112 2055 1197 Ritschelium,

250 1221 337 1305 quod
357 1222 395 1285 de
418 1222 517 1286 huius
541 1223 691 1286 orationis
714 1220 898 1286 condicione
922 1238 986 1283 non
1010 1221 1134 1301 integra
1155 1221 1330 1302 proposuit,
1352 1219 1384 1282 id
1407 1224 1491 1283 recte
1515 1219 1709 1283 coniecisse?

357 1330 385 1392 2.
413 1327 624 1392 Transeamus
653 1347 741 1391 5550
769 1327 808 1390 50
837 1345 906 1408 eos,
938 1327 994 1409 qui
1022 1325 1188 1390 Ritschelii
1215 1327 1371 1390 rationem
1398 1327 1583 1390 universam
1611 1324 1831 1410 comprobant,
1858 1328 1891 1389 in
1920 1329 2056 1412 singulis

250 1432 456 1517 dissentiunt,
483 1453 547 1517 quo
573 1435 609 1497 in
631 1452 768 1498 numero
796 1439 845 1498 est
866 1433 1052 1498 Dindorfius
1079 1434 1113 1496 in
1141 1432 1249 1517 philol.
1273 1432 1334 1496 vol.
1358 1430 1449 1494 XVI.
1476 1433 1568 1495 1860.
1592 1453 1621 1517 p.
1648 1433 1832 1514 193-233,
1859 1432 2056 1516 Weilius³⁸),

248 1537 452 1625 Keclrius³⁹),
483 1539 704 1624 Westphalius
740 1543 775 1604 in
812 1541 1046 1625 prolegomenis
1077 1540 1263 1621 Aeschyleis
1299 1560 1329 1625 p.
1363 1540 1479 1602 200-
1492 1538 1571 1622 206,
1602 1538 1739 1603 Wolfius
1770 1541 1805 1602 in
1837 1540 2057 1606 dissertatione

249 1646 427 1730 inaugurali
464 1647 629 1711 Bonnensi
669 1647 768 1724 1881,
806 1667 889 1731 quae
925 1646 1112 1711 inscribitur
1142 1647 1297 1710 Analecta
1328 1646 1515 1727 Aeschylea.
1571 1644 1651 1710 Cum
1684 1645 1878 1710 Bitschelius
1914 1648 2056 1734 itemque

248 1751 431 1819 Dindorfius
450 1757 526 1819 satis
545 1753 716 1818 habuerint
735 1752 969 1818 demonstrasse
988 1753 1131 1836 singulas
1150 1754 1256 1817 nuntii
1275 1757 1306 1816 et
1323 1753 1407 1836 regis
1431 1753 1588 1816 orationes
1611 1752 1723 1817 eodem
1746 1771 1900 1816 versuum
1920 1773 2055 1820 numero

248 1861 416 1942 contineri,
443 1861 507 1926 nisi
536 1861 624 1946 quod
651 1860 704 1924 ille
732 1862 897 1924 occasione
926 1859 998 1923 data
1025 1860 1057 1923 id
1084 1879 1188 1924 unum
1216 1860 1342 1941 adiecit,
1375 1859 1518 1942 singulas
1546 1860 1653 1922 nuntii
1681 1859 1719 1923 de
1746 1859 1887 1924 adversis
1919 1861 2056 1927 ducibus

247 1969 442 2031 narrationes
466 1966 549 2030 binis
569 1985 696 2050 semper
715 1967 847 2030 senariis
866 1965 1026 2030 concludi:
1049 1985 1134 2028 nova
1156 1967 1279 2030 exstitit
1298 1967 1450 2049 quaestio,
1473 1985 1553 2029 num
1575 1967 1610 2030 in
1629 1967 1675 2030 eis
1694 1966 1800 2048 rebus,
1823 1986 1904 2050 quas
1922 1970 2057 2033 nuntius

245 2072 350 2154 refert,
377 2079 409 2140 et
435 2075 470 2137 in
499 2074 545 2138 eis
570 2073 744 2154 sententiis,
768 2093 848 2156 quas
870 2092 929 2137 rex
953 2074 991 2137 de
1013 2073 1152 2137 hostiiuu
1183 2073 1271 2136 inani
1294 2092 1351 2155 spe
1372 2074 1530 2157 proponit,
1557 2073 1725 2138 statuenda
1747 2079 1832 2137 esset
1854 2073 2055 2158 singulorum

247 2199 377 2263 quoque
406 2197 562 2243 versuum
592 2181 630 2244 de
652 2179 812 2242 industria
834 2181 868 2243 in
892 2181 1034 2244 ordinem
1059 2180 1297 2264 dispertitarum
1321 2185 1467 2244 accurata
1490 2179 1653 2263 dispositio
1676 2185 1709 2244 et
1735 2183 1904 2264 responsio.
1952 2180 2054 2258 Quam

245 2286 280 2348 in
309 2304 377 2349 rem
402 2285 458 2368 qui
482 2285 648 2370 diligenter
670 2286 923 2370 inquisiverunt,
950 2285 1091 2351 Keolrius
1114 2286 1317 2371 Weiliusque
1340 2291 1372 2350 et
1393 2285 1612 2369 Westphalius
1636 2286 1675 2350 de
1698 2286 1834 2371 singulis
1863 2287 2055 2371 quibusdam

247 2391 392 2476 partibus
415 2393 630 2476 consentiunt,
653 2393 748 2477 quale
772 2397 821 2457 est
842 2393 875 2456 id
899 2393 986 2477 quod
1004 2393 1146 2458 Kechius
1163 2394 1287 2476 primus
1306 2395 1482 2476 perspexit:
1507 2393 1572 2457 duo
1591 2393 1694 2476 prima
1712 2393 1872 2477 colloquia
1889 2395 1932 2458 ita
1952 2395 2055 2479 dispo-

248 2500 308 2563 sita
336 2516 406 2564 esse
433 2500 467 2562 iu
490 2498 581 2564 binas
608 2505 727 2583 partes,
755 2505 793 2564 ut
815 2500 945 2564 totidem
968 2501 1074 2564 nuntii
1101 2499 1248 2564 versibus
1278 2500 1423 2583 singulos
1447 2500 1587 2564 hostium
1611 2499 1710 2564 duces
1733 2500 1908 2584 descriptos
1931 2501 2056 2583 habena,

249 2611 327 2688 quot
354 2605 501 2671 versibus
528 2607 596 2688 ipse
623 2624 682 2670 rex
710 2607 814 2670 utitur
840 2607 879 2671 ad
906 2607 1087 2670 iactantiam
1115 2606 1257 2671 hostium
1280 2605 1492 2687 refutandam,
1524 2607 1720 2690 totidemque
1747 2608 1891 2672 hostium
1919 2608 2056 2693 clypeos,

249 2717 327 2796 quot
367 2712 513 2777 versibus
552 2711 691 2776 Thebani
733 2713 932 2797 singularum
968 2717 1130 2798 portarum
1168 2713 1348 2778 defensores
1379 2711 1563 2776 laudantur:
1602 2714 1658 2777 sed
1692 2715 1726 2777 in
1763 2715 1924 2798 plerisque
1961 2714 2055 2781 rebus

248 2818 350 2882 eidem
378 2820 438 2884 viri
470 2818 552 2882 docti
584 2819 628 2882 ita
660 2821 743 2882 inter
774 2839 809 2884 se
841 2820 1055 2904 discrepantes
1087 2821 1230 2884 inienmt
1260 2822 1413 2902 rationes,
1445 2825 1482 2884 ut
1513 2820 1593 2884 nihil
1620 2821 1722 2904 possit
1749 2821 1787 2885 de
1814 2821 1864 2885 his
1890 2841 1946 2905 pro
1971 2829 2055 2887 certo

248 2923 406 3006 affirmari,
427 2925 460 2988 id
484 2925 570 3008 quod
593 2927 669 2990 satis
694 2925 820 2990 elucere
843 2925 976 2990 arbitror
999 2946 1041 2991 ex
1063 2928 1122 2991 hoc
1145 2934 1327 3012 conspectu.

351 3029 499 3096 Primum
524 3032 662 3097 Weilius
686 3033 725 3096 de
747 3031 878 3116 paribus
902 3053 1087 3098 sermonum
1113 3036 1226 3118 quinto
1250 3040 1282 3099 et
1305 3040 1396 3098 serto
1420 3034 1573 3118 desperat,
1601 3033 1640 3097 de
1663 3036 1775 3098 ceteris
1799 3034 1882 3099 hanc
1899 3055 2055 3100 versuum

245 3139 393 3224 proponit
416 3139 674 3224 descriptionem:
704 3137 730 3202 1.
754 3139 792 3203 A.
823 3140 841 3200 7
866 3138 910 3222 (3,
934 3143 964 3221 2,
988 3142 1029 3220 2).
1059 3142 1077 3202 7
1102 3142 1146 3223 (3,
1169 3144 1200 3222 2,
1223 3144 1262 3222 2).
1291 3141 1319 3203 6.
1343 3140 1369 3203 Ι.
1392 3139 1429 3204 Β.
1455 3141 1504 3205 10.
1531 3142 1571 3204 10
1596 3143 1627 3223 (i.
1652 3160 1677 3207 e.
1702 3143 1731 3223 3,
1755 3143 1785 3223 3,
1808 3143 1828 3204 4
1852 3147 1884 3205 et
1906 3144 1937 3224 4,
1960 3145 1991 3224 3,
2014 3145 2055 3228 3).

243 3243 286 3308 II.
310 3248 349 3308 A.
375 3248 404 3328 5,
428 3247 457 3328 5,
482 3247 509 3308 5.
539 3245 579 3309 ll.
603 3245 639 3309 B.
664 3247 693 3328 5,
718 3247 747 3328 5,
771 3248 799 3310 5.
828 3245 888 3309 III.
913 3249 951 3309 A.
975 3248 995 3308 8
1020 3248 1126 3328 (14).
1152 3247 1168 3308 7
1194 3251 1234 3330 (3,
1259 3250 1288 3330 2,
1312 3249 1352 3332 2).
1381 3247 1441 3310 ΙΠ,
1465 3245 1501 3310 Β.
1528 3248 1544 3309 7
1570 3249 1613 3329 (2,
1635 3249 1664 3329 2,
1688 3249 1731 3328 3).
1759 3249 1779 3310 8
1804 3250 1848 3329 (4,
1871 3250 1912 3328 4).
1937 3248 1992 3312 IV.
2017 3255 2054 3312 A.

247 3353 276 3432 3,
301 3353 331 3432 3,
353 3352 435 3417 2....
460 3354 491 3434 2,
514 3355 544 3434 2,
568 3355 596 3416 3.
621 3353 676 3417 IV.
696 3352 732 3417 B.
759 3354 798 3416 10
823 3352 867 3436 (3,
892 3355 920 3430 3,
943 3356 983 3434 4).
1009 3355 1050 3417 20
1074 3356 1116 3436 (4,
1140 3356 1170 3436 3,
1191 3357 1237 3436 3),
1257 3355 1303 3418 ita
1320 3359 1359 3418 ut
1378 3374 1475 3439 grave
1498 3355 1578 3419 illud
1601 3353 1735 3418 verbnm
1758 3353 1851 3422 θεούς
1874 3362 1958 3419 certo
1982 3375 2056 3419 oon·

248 3455 317 3520 silio
351 3457 392 3520 ad
422 3458 553 3523 alterius
586 3462 683 3543 partis
716 3462 844 3525 initium
877 3479 943 3524 uon
971 3462 1040 3524 sine
1068 3463 1101 3524 vi
1129 3462 1285 3526 reiciatur.
1335 3461 1408 3527 VII.
1433 3463 1471 3527 A.
1501 3462 1550 3525 10.
1577 3462 1679 3525 105.
1717 3461 1790 3527 VH.
1813 3461 1850 3530 B.
1877 3463 2055 3528 10105.

248 3559 371 3626 Deinde
398 3561 561 3628 Keckiana
588 3565 689 3629 multo
718 3566 892 3649 simplicior
920 3568 1116 3632 ratiocinatio
1146 3573 1194 3632 est
1221 3568 1311 3631 haec:
1341 3566 1366 3630 1.
1390 3568 1420 3629 A
1444 3573 1475 3632 et
1498 3567 1534 3631 B.
1566 3569 1686 3634 1515.
1716 3568 1757 3634 II.
1781 3570 1812 3632 A
1836 3575 1869 3633 et
1890 3569 1926 3632 B.
1952 3570 2001 3633 10.
2027 3571 2054 3636 5.

246 3668 302 3734 VI.
325 3672 357 3732 A
379 3676 410 3734 et
433 3668 468 3732 B.
494 3671 592 3736 215.
614 3672 713 3734 107.
735 3671 810 3735 Vll.
835 3674 862 3736 3.
887 3674 916 3736 8.
942 3675 970 3736 8.
997 3675 1031 3753 53
1056 3679 1234 3740 ceterorum
1258 3692 1332 3738 vero
1350 3675 1477 3759 parium
1499 3677 1627 3739 numeri
1646 3682 1678 3739 et
1694 3677 1756 3760 ipsi
1775 3674 1896 3740 Keclrio
1915 3677 2055 3740 maxime

245 3775 359 3840 incerti
387 3777 544 3842 ridentur.
589 3775 738 3863 Denique
765 3778 983 3864 Westphalius
1011 3780 1049 3844 de
1076 3780 1202 3845 duobus
1230 3782 1341 3865 primis
1368 3781 1500 3865 paribus
1533 3801 1607 3846 cum
1635 3781 1755 3846 Keclrio
1783 3785 1953 3864 consentit,
1985 3784 2055 3847 reli-

246 3902 386 3967 quorum
409 3885 467 3948 hos
487 3885 627 3950 effecisse
645 3905 796 3950 numeros
821 3885 880 3950 sibi
898 3886 989 3950 visus
1008 3893 1069 3951 est:
1093 3886 1153 3950 III.
1171 3892 1210 3950 A.
1230 3890 1259 3951 8.
1280 3889 1298 3949 7
1309 3886 1419 3974 -)-(1).
1444 3887 1502 3954 ΙΠ,
1521 3886 1557 3950 Β.
1580 3886 1714 3974 1)-(7).
1735 3891 1762 3952 8.
1784 3889 1838 3952 IV.
1858 3891 1896 3955 A.
1918 3889 2054 3976 3-1-(5).

247 3989 382 4076 10-)-2.
415 3990 472 4054 IV.
497 3990 532 4054 B.
557 3994 586 4058 8.
612 3991 769 4078 10-)-(2).
802 3993 841 4057 V.
865 3995 906 4058 A.
932 3991 1087 4079 12-)-12.
1130 3993 1168 4056 V.
1191 3993 1228 4057 B.
1254 3994 1390 4081 0-)-(3).
1417 3993 1574 4082 10-)-(2).
1612 3996 1669 4060 VI.
1693 3997 1778 4060 Aet
1814 3995 1849 4059 Β.
1876 3998 1925 4060 12.
1953 3997 2053 4060 111.

245 4096 317 4160 VII.
340 4101 371 4162 A
394 4103 426 4162 et
448 4097 484 4161 B.
511 4099 560 4164 11.
587 4099 635 4164 11.
681 4099 732 4162 Er
761 4101 811 4164 his
838 4103 937 4185 igitur
964 4103 1108 4165 numeris
1137 4103 1214 4166 satis
1241 4102 1346 4186 colligi
1369 4101 1505 4166 licetne
1528 4102 1627 4166 huius
1651 4103 1781 4188 quidem
1804 4103 1849 4166 rei
1875 4121 1956 4186 quae
1980 4123 2055 4168 vera

245 4209 330 4268 esset
361 4205 450 4288 ratio,
481 4207 646 4290 cognitum
678 4206 782 4270 adhuc
813 4213 870 4271 aut
902 4207 1099 4272 intellectum
1128 4228 1206 4274 esse.
1252 4209 1398 4290 Accedit,
1430 4209 1517 4294 quod
1545 4209 1647 4274 multo
1677 4209 1863 4294 simplicior,
1893 4209 2055 4293 placidior,

245 4310 417 4374 iucundior
438 4331 594 4377 versuum
624 4311 699 4376 ordo
723 4314 925 4396 quaerendus
949 4321 1007 4396 est,
1035 4316 1063 4378 si
1084 4316 1181 4380 modo
1204 4321 1296 4400 potita
1318 4315 1351 4378 id
1375 4321 1534 4399 spectasse
1557 4316 1720 4398 putandus
1744 4321 1800 4397 est,
1827 4320 1865 4378 ut
1888 4315 2055 4382 artificiosa

352 4557 466 4627 3811110
490 4559 653 4628 Gliederung
681 4559 728 4614 des
756 4559 956 4614 dramatischen
979 4559 1130 4617 Recitativs
1157 4562 1201 4616 bci
1223 4561 1377 4631 Aeschylus
1406 4564 1435 4616 in
1458 4561 1546 4616 Flecte
1575 4563 1663 4616 annal.
1688 4563 1730 4616 79.
1757 4562 1833 4617 1859.
1858 4579 1884 4632 p.
1904 4565 2052 4618 721-731.

244 4647 394 4702 835-838.
431 4637 504 4702 Uber
528 4648 579 4702 den
603 4649 829 4717 symmetrischau
849 4649 908 4704 Bau
926 4649 973 4704 des
992 4649 1142 4705 Rectams
1161 4651 1204 4705 boi
1222 4650 1350 4720 Aeschyl.
1370 4651 1435 4706 ibid.
1454 4651 1496 4705 83.
1518 4651 1595 4708 1861.
1619 4668 1645 4720 p.
1665 4650 1813 4706 377-402.
1851 4651 1905 4706 Zur
1923 4651 2053 4706 7555565-

245 4735 348 4806 digung
370 4737 437 4791 iiber
460 4737 511 4791 den
536 4741 673 4806 symmetr.
697 4737 757 4792 Bau
781 4738 828 4792 des
854 4738 926 4792 esch.
946 4738 1030 4794 Recit.
1055 4740 1119 4794 ibid.
1138 4739 1181 4793 87.
1208 4739 1284 4796 1863.
1309 4757 1333 4809 p.
1354 4739 1508 4806 aaa-3923
1532 4743 1614 4809 atque
1638 4739 1730 4794 eadum
1749 4739 1843 4808 lingua
1865 4740 2054 4809 francogallica

246 4827 443 4894 proponuntur:
463 4825 508 4900 lle·
521 4825 548 4880 la
566 4827 743 4894 composition
764 4824 961 4898 symmetrique
980 4828 1017 4880 du
1036 4827 1160 4896 dialogus
1179 4829 1246 4884 dans
1264 4828 1305 4882 les
1324 4826 1456 4896 tragedias
1475 4827 1627 4898 d'Eschyle.
1664 4827 1740 4882 Ertr.
1760 4829 1797 4884 du
1815 4829 1928 4885 Journal
1946 4827 2053 4896 general

247 4910 437 4968 d’instruction
455 4913 593 4982 publique.
631 4913 709 4969 Paris
729 4913 806 4969 1859.
968 4917 1013 4984 30)
1032 4917 1180 4973 littoratur
1198 4919 1266 4972 iiber
1284 4919 1336 4971 deu
1355 4921 1494 4986 symmetr.
1514 4916 1573 4971 Bau
1592 4917 1639 4971 des
1657 4917 1807 4973 Recitatim
1827 4919 1868 4973 bei
1888 4919 1984 4973 Aesch.
2010 4923 2052 4972 An

246 4999 334 5054 Herm
352 5001 423 5057 Prof.
443 5001 551 5056 Bitschl
570 5003 599 5056 in
617 5002 703 5058 Bonn.
733 5003 863 5059 Fleckeis.
882 5005 970 5060 annal.
988 5003 1032 5059 81.
1054 5006 1130 5062 1860.
1149 5024 1174 5076 p.
1194 5006 1344 5062 809-864.
1382 5006 1459 5060 Nooh
1477 5006 1522 5060 eiu
1541 5006 1620 5060 Wort
1638 5007 1704 5061 liber
1723 5007 1749 5061 d.
1769 5013 1907 5076 symmetr.
1927 5007 1986 5062 Bau
2005 5009 2052 5060 das

248 5088 346 5143 Aesch.
367 5088 524 5146 Recitativs.
562 5091 775 5146 Scndschreiben
794 5109 828 5148 an
846 5093 918 5148 Proi.
938 5093 972 5150 H.
991 5093 1065 5148 Weil
1083 5095 1111 5148 iu
1130 5094 1278 5164 Besancon,
1297 5095 1362 5150 ibid.
1381 5094 1423 5150 87.
1444 5095 1521 5151 1863.
1540 5112 1566 5164 p.
1586 5097 1734 5152 153—161.
