4782 5920
1026 483 1186 490 ,-.-
1234 447 1273 508 12
1320 484 1478 490 -m

353 641 422 704 loco
454 645 603 721 statuere,
636 639 692 704 ubi
724 640 853 723 aliquod
886 659 1004 705 nomeu
1032 640 1268 706 substantivum
1297 642 1337 705 ad
1364 640 1513 723 ἀγάνορες
1545 641 1738 705 adiectivum
1767 647 1799 705 et
1830 645 1990 722 πρέποντες
2022 646 2156 723 στρατοῦ

352 747 553 830 participium
585 747 765 830 requiritur.
810 746 914 811 Voces
947 751 1055 812 arrtem
1087 745 1197 816 πύλαις
1229 745 1389 830 ἑβδόμαις,
1422 769 1502 833 quas
1535 753 1567 812 et
1598 749 1667 831 ipsa
1699 749 1854 812 sententia
1887 769 1982 832 quam
2016 749 2156 812 maxime

353 854 483 937 respuit,
506 854 694 917 remansisse
718 854 853 918 canicies
878 874 919 919 ex
942 854 1077 938 largiore
1101 855 1237 937 quadam
1262 856 1527 939 interpretatione,
1552 874 1616 938 qua
1639 853 1896 936 enumerabatur,
1919 857 1974 939 qui
1998 855 2094 918 duces
2117 853 2156 916 ad

353 959 494 1044 singulas
521 963 626 1043 portus
654 959 790 1042 adirent,
819 961 912 1044 quale
939 961 1211 1045 interpretamenti
1240 961 1468 1045 fragmentum,
1500 967 1536 1025 ut
1565 981 1668 1025 unum
1697 967 1780 1026 certe
1809 962 1993 1046 exemplum
2021 961 2156 1040 afferam,

352 1063 438 1130 Pers.
466 1067 530 1128 778
558 1067 709 1148 occurrit,
736 1065 792 1130 ubi
820 1067 867 1130 illi
894 1073 1015 1151 septem
1039 1069 1099 1130 viri
1123 1067 1260 1148 nobiles,
1288 1088 1426 1152 quorum
1449 1088 1543 1153 opere
1566 1067 1830 1133 Pseudosmerdis
1854 1069 1907 1132 ille
1931 1068 2076 1134 sublatus
2100 1073 2156 1147 est,

352 1173 505 1235 nominati
528 1190 599 1235 esse
626 1192 736 1236 omnes
760 1174 925 1254 videntur,
953 1173 1007 1238 sed
1032 1173 1135 1238 adhuc
1159 1180 1270 1239 sextus
1294 1173 1456 1259 Maraphis
1488 1185 1519 1240 et
1546 1175 1702 1258 septimus
1728 1176 1945 1259 Artaphrenes
1975 1181 2155 1260 supersunt.

352 1278 464 1361 Itaque
492 1297 566 1342 cum
594 1279 632 1342 ad
661 1281 823 1364 stropham
851 1280 1020 1364 oonhgere
1048 1301 1112 1344 non
1135 1283 1310 1364 possimuS,
1333 1281 1500 1346 redeamus
1524 1301 1612 1346 nunc
1635 1282 1674 1346 ad
1697 1283 1911 1366 antistrophae
1934 1281 2039 1346 linem.
2086 1279 2155 1355 Quo

351 1385 420 1448 loco
446 1405 640 1468 quamquam
665 1389 773 1450 omnia
794 1388 915 1451 incerto
938 1393 1014 1450 sunt
1037 1406 1226 1471 semperque
1250 1397 1355 1470 erunt,
1383 1389 1446 1452 nisi
1470 1407 1553 1451 nova
1576 1388 1807 1453 emendationis
1831 1387 1973 1452 subsidia
1997 1405 2156 1452 arcessen-

351 1498 412 1574 tur,
435 1497 539 1556 tamen
563 1492 595 1555 id
618 1512 792 1576 proponere
816 1512 882 1557 uon
906 1513 1026 1574 vereor,
1049 1493 1135 1577 quod
1160 1497 1343 1579 suspicione
1368 1495 1504 1578 quadum
1528 1497 1681 1580 attingere
1704 1515 1884 1579 possumus
1922 1495 2047 1558 Nomen
2071 1494 2156 1556 enim

350 1601 511 1683 proprium
541 1599 626 1684 quod
654 1607 702 1663 est
726 1596 862 1681 Ἄρτεμι,
892 1601 977 1684 quod
1005 1599 1100 1664 verbo
1124 1603 1316 1682 Aaroylvua
1344 1603 1560 1686 subscriptum
1584 1603 1714 1687 legitur,
1741 1601 1821 1664 nihil
1844 1600 1931 1663 aliud
1954 1618 2024 1662 esse
2048 1600 2158 1681 opinor

350 1708 413 1770 nisi
440 1708 611 1790 glossema,
640 1711 677 1770 ut
705 1725 830 1791 semper
857 1707 935 1788 fere,
964 1706 1020 1771 ubi
1047 1727 1103 1792 per
1135 1709 1283 1794 ambages
1308 1711 1518 1794 epithetorum
1542 1711 1725 1773 ornantium
1750 1727 1832 1792 quae
1855 1713 2010 1770 vocantur
2034 1703 2084 1768 vel
2108 1705 2158 1768 dei

351 1814 545 1878 immortales
574 1814 624 1877 vel
651 1813 797 1878 homines
826 1815 967 1880 illustras
995 1821 1159 1900 poetarum
1188 1835 1274 1880 more
1303 1817 1458 1902 designati
1486 1823 1577 1898 sunt,
1604 1817 1765 1900 proprium
1795 1817 1829 1878 iu
1859 1811 1946 1876 libris
1969 1809 2159 1874 adscribitur

350 1941 482 2002 nomen,
510 1923 604 1985 cuius
626 1920 672 1983 rei
695 1924 741 1983 tot
764 1921 910 2004 exempla
937 1923 1162 2004 inveniuntur,
1189 1929 1225 1986 ut
1254 1926 1358 1987 emula
1388 1943 1575 1989 enumerare
1604 1924 1735 2007 longum
1764 1923 1805 1986 sit
1834 1921 1882 2001 (cf.
1911 1919 1950 1982 de
1978 1915 2159 1982 eiusmodi

351 2028 479 2092 scholiis
503 2033 539 2092 ut
562 2030 605 2092 ita
624 2027 727 2093 dicam
746 2027 1001 2093 interlinearibus
1019 2029 1260 2095 Heimsoethius
1283 2032 1316 2093 in
1339 2033 1539 2096 restitutione
1559 2037 1616 2095 etc.
1635 2051 1662 2113 p.
1684 2032 1725 2092 83
1736 2031 1805 2110 sq),
1829 2026 1936 2110 qualia
1953 2031 2030 2089 sunt
2048 2023 2158 2104 Eurip.

350 2134 397 2198 El.
428 2136 489 2197 116
513 2131 777 2216 Κλυταιμνήστρα
807 2135 846 2199 ad
869 2135 984 2216 στυγνὰ
1017 2135 1191 2217 Τυνδαρέου
1213 2135 1306 2217 κόρα,
1331 2136 1438 2202 Prom.
1463 2140 1527 2202 810
1557 2138 1666 2202 Νεῖλος
1695 2136 1733 2198 ad
1761 2133 1902 2212 Arctoe,
1931 2130 2065 2214 0h0ll'Ph‘
2095 2129 2157 2190 550

353 2241 572 2324 Ἀγαμέμνονα
600 2241 640 2305 ad
669 2239 768 2323 ἄνδρα
792 2245 907 2324 τίμιον,
935 2243 1049 2306 Aesch.
1078 2242 1186 2327 Suppl.
1213 2243 1274 2306 546
1299 2243 1467 2324 Βόσπορον
1494 2245 1532 2307 ad
1562 2242 1657 2324 πόρον
1679 2243 1846 2322 κυματίαν,
1874 2239 1956 2323 Sept.
1982 2239 2045 2300 982
2070 2237 2157 2317 (998)

347 2347 511 2414 Ἐτεόκλεις
538 2348 578 2412 ad
607 2345 767 2408 δυστάνων
794 2351 901 2408 κακῶν
929 2347 1023 2421 ἄναξ,
1052 2349 1084 2412 id
1110 2369 1214 2433 genus
1241 2351 1311 2414 aliu.
1337 2389 1378 2398 -
1401 2350 1482 2415 Tum
1512 2352 1550 2415 de
1579 2350 1632 2414 illo
1657 2352 1857 2428 Aaroydreroz,
1886 2345 1971 2430 quod
1999 2344 2159 2428 epitheton

349 2455 471 2520 Diauue
499 2455 634 2518 editores
663 2454 836 2518 deformare
864 2456 947 2519 inter
974 2474 1008 2519 se
1036 2461 1239 2521 certaverunt
1270 2457 1358 2522 nulla
1386 2458 1446 2521 aha
1475 2476 1588 2521 caussa
1616 2455 1758 2536 adducti,
1786 2456 1849 2517 nisi
1878 2454 1953 2536 quia
1976 2451 2103 2516 numeri
2126 2449 2159 2512 id

351 2582 416 2626 non
438 2563 623 2644 reciperent,
647 2561 852 2624 vehementer
874 2567 1013 2625 erratum
1038 2567 1094 2625 est.
1136 2563 1219 2628 Nam
1243 2565 1352 2628 eadem
1376 2565 1508 2646 ratione,
1532 2584 1596 2648 qua
1619 2583 1647 2624 v.
1674 2563 1736 2624 140
1761 2559 1967 2642 δοριτίνακτος
1990 2566 2022 2622 et
2044 2579 2074 2620 r.
2096 2558 2158 2620 148

351 2665 609 2748 πολεμόκραντον,
638 2668 732 2730 etiam
759 2666 952 2752 uocabulum
977 2671 1169 2748 Λατογένεια
1197 2673 1230 2734 in
1255 2671 1446 2735 dochmiacis
1472 2669 1616 2734 versibus
1640 2668 1780 2733 adhiberi
1805 2667 1907 2750 potuit
1930 2668 1964 2728 in
1987 2666 2073 2730 huno
2096 2665 2159 2729 fere

349 2774 505 2837 ordinem:

776 2880 831 2942 καὶ
855 2879 903 2952 σὺ,
927 2881 1034 2944 Λύκει’
1062 2882 1151 2956 ἅναξ,
1172 2885 1175 2966 l
1197 2882 1313 2952 λόκειος
1335 2890 1424 2964 γενοῦ
1439 2881 1454 2970 Η
1469 2887 1590 2965 στρατῷ
1614 2881 1698 2958 δαΐῳ.

777 2986 893 3049 στόνων
918 2989 942 3048 τ’
969 2991 1048 3057 ἀίτις
1068 2990 1072 3073 l
1093 2993 1285 3070 Λατογένεια
1309 3029 1350 3037 -
1368 2989 1382 3077 ΙΙ
1398 3008 1547 3048 &susm
1571 2983 1594 3050 ὦ
1618 2991 1694 3068 φίλα

776 3093 815 3154 σε)
837 3093 936 3176 κούρα
962 3094 1048 3168 τόξον
1070 3095 1245 3170 εὐτυκάζου.

458 3201 542 3278 Quid
571 3201 693 3264 multa?
739 3200 883 3282 Syllabas
910 3202 981 3266 ihae
1010 3210 1172 3286 quattuor,
1206 3224 1288 3288 quae
1316 3205 1420 3269 adhuc
1448 3204 1679 3284 desiderantur,
1712 3222 1818 3267 nonne
1845 3205 1962 3288 optime
1988 3199 2154 3283 explentur

351 3309 606 3392 desperatissimo
634 3307 689 3370 illo
718 3328 746 3369 v.
778 3307 839 3370 147
869 3307 925 3369 καί
952 3308 1080 3380 Διόθεν,
1109 3311 1148 3374 de
1177 3331 1240 3395 quo
1265 3331 1360 3395 supra
1388 3310 1558 3396 agebatur?
1587 3315 1623 3374 ut
1646 3311 1689 3374 sit
1711 3313 1901 3390 Λατογένεια
1924 3308 1976 3372 καὶ
2001 3293 2157 3368 Διόθενῶ

351 3416 426 3492 qua
447 3415 452 3498 Ι
473 3413 512 3476 οδ
540 3413 647 3496 κούρα.
694 3413 757 3490 Qui
785 3416 915 3498 quidem
943 3415 1112 3480 verborum
1140 3419 1215 3480 ordo
1244 3425 1275 3482 et
1303 3418 1459 3502 copulatio
1488 3416 1631 3482 acerbam
1661 3417 1821 3501 quandam
1845 3415 1999 3498 Aeschyli
2021 3411 2156 3494 antiqui·

352 3528 448 3586 tatem
477 3521 616 3585 redolere
644 3521 780 3604 videtur,
808 3523 863 3586 sed
891 3525 985 3588 etiam
1014 3524 1098 3607 apud
1127 3524 1205 3588 ulios
1233 3530 1341 3607 poetas
1370 3525 1486 3589 similia
1510 3531 1692 3605 occurrunt,
1721 3531 1757 3588 ut
1780 3524 1888 3609 Eurip.
1911 3525 1959 3590 El.
1985 3523 2045 3585 167
2073 3517 2159 3598 Ἀγα-

351 3632 505 3712 μέμνονος
528 3620 552 3687 ὦ
576 3626 655 3708 κόρα
681 3627 806 3692 Electra
829 3630 1012 3714 appehatur.
1057 3629 1172 3714 Neque
1196 3637 1251 3694 aut
1274 3631 1354 3696 illud
1379 3629 1503 3703 Διόθεν,
1529 3638 1563 3697 ut
1586 3632 1662 3697 alias
1686 3635 1788 3704 σέθεν,
1812 3630 1979 3714 πατρόθεν,
2002 3625 2161 3712 μητρόθεν

353 3737 389 3800 cf.
409 3736 496 3800 Pers.
517 3735 580 3798 218
601 3737 715 3802 τέκνοις
738 3739 840 3807 σέθεν,
864 3756 919 3821 pro
943 3739 1084 3822 genitivo
1103 3739 1179 3821 poni
1199 3738 1375 3821 quidquam
1394 3739 1488 3804 habet
1507 3739 1699 3822 offensionis,
1722 3745 1777 3804 aut
1799 3738 1947 3802 adiectivi
1970 3738 2161 3816 Λαιαρίνεια

353 3850 384 3907 et
411 3842 544 3927 genitivi
566 3840 684 3902 Διόθεν
710 3861 767 3926 per
794 3841 850 3902 καὶ
876 3846 1063 3927 particulam
1092 3847 1283 3909 consociatio
1312 3846 1397 3930 apud
1424 3846 1622 3927 Aeschylum
1644 3847 1788 3910 inaudita
1815 3851 1877 3926 cst,
1905 3844 1938 3906 id
1962 3843 2050 3926 quod
2072 3838 2162 3900 vides

354 3969 395 4013 ex
418 3947 579 4012 Prometh.
606 3949 670 4012 218
693 3950 786 4028 γαίας
809 3949 957 4029 οὐράνιόν
981 3974 1008 4012 το
1034 3949 1128 4013 πόλον
1149 3972 1206 4036 pro
1230 3951 1284 4012 τόν
1309 3957 1359 4028 τῆς
1382 3955 1435 4032 γῆς
1458 3951 1514 4013 καὶ
1537 3955 1592 4012 τοῦ
1614 3954 1749 4034 οὐρανοῦ
1773 3949 1876 4021 πόλον,
1900 3950 1969 4013 aliis
1993 3946 2079 4008 locis.

458 4054 507 4120 De
531 4055 718 4118 ultimorum
742 4055 881 4139 denique
904 4077 1058 4123 versuum
1082 4061 1299 4142 responsione,
1327 4061 1384 4142 qui
1407 4067 1484 4122 sunt
1504 4059 1564 4122 111
1591 4065 1622 4123 et
1647 4059 1708 4121 126
1734 4055 1849 4139 ἄρηξον
1871 4055 1965 4116 δαΐων
1993 4049 2108 4111 ἅλωσιν
2131 4053 2162 4110 et

353 4160 491 4238 φύλαξον
517 4160 649 4237 κήδεσαί
674 4163 699 4220 τ’
731 4166 863 4241 ἐναργῶς
892 4162 1028 4227 dubitari
1057 4167 1111 4229 vix
1134 4171 1251 4249 potest,
1281 4185 1322 4230 ex
1347 4185 1411 4249 quo
1434 4164 1620 4229 Dindortius
1645 4164 1733 4226 πόλιν
1756 4161 1943 4228 vocabulum
1968 4157 2008 4220 ad
2032 4173 2161 4218 versum

353 4269 591 4333 antecedentem
610 4270 767 4353 pertinere
787 4268 1013 4335 demonstravit
1031 4273 1331 4357 interiectionesque
1349 4272 1419 4336 illas
1438 4275 1496 4349 φεῦ
1518 4277 1576 4350 qrb
1600 4274 1692 4337 eiecit
1709 4269 1748 4334 ab
1771 4272 1830 4332 hoc
1853 4268 1919 4329 loco
1943 4263 2162 4341 ahenissimaS,

355 4394 437 4458 quae
460 4382 532 4459 post
553 4372 641 4456 Ἄρης
664 4377 770 4460 inepte
793 4375 997 4460 interpositae
1019 4378 1171 4461 leguntur
1194 4379 1304 4444 eodem
1328 4381 1393 4444 fere
1416 4379 1522 4462 modo,
1545 4400 1609 4464 quo
1628 4378 1723 4460 Soph.
1743 4376 1850 4456 Antig.
1872 4372 1956 4436 1310
1975 4372 2013 4436 ad
2033 4368 2162 4434 δείλαιος

354 4479 411 4560 ἐγώ
443 4481 681 4547 adscribebatur
712 4487 770 4560 φεῦ
797 4487 856 4561 φεῦ
883 4484 971 4548 nulla
998 4487 1091 4549 metri
1118 4487 1239 4550 ratione
1273 4485 1392 4566 habite,
1424 4505 1488 4569 quo
1522 4486 1561 4550 de
1590 4504 1685 4550 versu
1714 4501 1771 4564 ego
1800 4479 1867 4542 dixi
1893 4479 1928 4541 iu
1961 4480 2161 4543 commentat.

353 4587 505 4672 philolog.
524 4609 553 4672 p.
575 4589 647 4652 119.
685 4587 845 4654 Debuerat
868 4595 974 4654 autem
998 4592 1051 4656 ille
1074 4591 1259 4657 Dindortius
1282 4592 1434 4656 hocloco
1459 4594 1634 4677 strophicos
1657 4607 1787 4673 quoque
1811 4605 1924 4651 versus
1947 4586 2103 4668 respicere
2132 4587 2163 4644 et

354 4693 451 4758 verba
474 4696 519 4758 sic
542 4695 703 4778 collocare,
727 4704 763 4761 ut
786 4703 990 4780 anteponeret
1013 4691 1149 4779 Κάδμου
1172 4698 1324 4763 vocabulo
1348 4699 1445 4782 πόλιν,
1469 4720 1533 4763 uon
1556 4701 1769 4783 postponeret:

887 4805 952 4864 ἀλλ’
979 4798 1002 4865 ὦ
1021 4807 1082 4867 Ζεῦ
1105 4804 1210 4886 πάτερ,
1234 4810 1377 4874 παντελὲς
1399 4799 1423 4868 ὦ
1442 4807 1603 4886 τέλοςβθ)

886 4911 1001 4994 ἄρηξον
1023 4911 1117 4974 δαΐων
1140 4912 1255 4975 ἅλωσιν
1278 4921 1307 4978 et

462 5138 507 5210 28)
526 5139 609 5194 (lodex
630 5141 757 5198 mults
776 5141 889 5204 πᾶπωίι
909 5142 1065 5198 Dindolfius
1085 5147 1140 5195 πᾶν
1157 5145 1231 5204 τέλος
1250 5143 1278 5203 de
1297 5145 1390 5206 νόμοις.
