4782 5920
1027 433 1480 495 *10*—

352 647 488 692 mannus
518 629 574 711 qui
601 628 840 711 respondissent
867 646 980 692 versus
1008 634 1080 712 post
1106 649 1134 690 v.
1162 628 1224 691 134
1253 627 1446 711 supplendos
1469 648 1540 694 esse
1562 629 1707 713 putebat,
1735 631 1771 694 of.
1796 632 1835 695 de
1858 634 1970 700 chorio.
1996 643 2158 719 systemat.

349 756 379 819 p.
403 735 454 798 81.
500 733 663 798 Postremo
687 733 867 798 Friderious
888 733 1130 814 Ritsohelius¹¹)
1154 734 1217 798 illis
1241 732 1395 815 versibus,
1418 753 1436 798 e
1460 735 1578 818 quibus
1600 736 1808 802 Hermsnnus
1831 741 1996 807 mesodnm
2019 749 2157 829 pessime

349 842 493 922 finxerat,
525 840 714 924 respondere
747 859 860 906 versus
895 841 1077 904 105-109
1109 841 1271 924 plerisque
1303 839 1453 906 omnibus
1484 842 1638 926 probavit
1672 847 1812 929 exeeptis
1842 844 2004 914 Dindortio
2032 855 2157 936 potissi-

350 969 440 1012 mum
464 953 496 1012 et
513 945 657 1031 Berghiu
695 945 777 1010 Nem
800 947 868 1012 Nio.
892 947 1120 1028 Weckleinius‚
1144 949 1201 1030 qui
1225 953 1316 1011 anteo
1340 945 1378 1010 ab
1401 947 1459 1010 hnc
1482 950 1605 1014 ratione
1629 951 1822 1016 dissenserat
1845 953 2060 1042 habueratque
2079 961 2156 1024 haec

351 1056 458 1119 omnio
480 1073 537 1138 pro
560 1053 859 1138 dloeosrrophis,²¹)
883 1061 914 1119 et
937 1055 986 1122 Fr.
1010 1053 1256 1134 Biiohslerus²³)
1280 1056 1422 1137 itemque
1445 1056 1483 1116 A.
1507 1053 1724 1122 Kirohhoffius
1748 1065 1845 1143 etque
1868 1061 1922 1124 ulii
1942 1064 2073 1131 editores
2095 1068 2157 1131 hoo

349 1163 487 1246 primum
517 1160 714 1243 stropharum
743 1181 800 1246 par
827 1179 999 1245 agnoscere
1026 1163 1170 1225 animum
1199 1160 1405 1224 induxerunt.
1452 1143 1518 1224 Sed
1543 1167 1581 1225 ut
1608 1162 1646 1225 od
1671 1165 1797 1248 singula
1820 1173 2035 1253 transeamus,
2061 1168 2175 1238 oodex'

351 1268 513 1333 Medieeus
536 1268 593 1330 hos
618 1268 656 1331 de
680 1267 800 1352 quibus
822 1269 928 1351 agitur
950 1287 1063 1331 versus
1087 1269 1119 1329 in
1143 1266 1230 1330 hune
1251 1266 1316 1330 fere
1340 1265 1469 1330 modum
1494 1265 1638 1330 exhibet:

882 1371 923 1433 άν
946 1374 1012 1433 ποτ’
1038 1369 1207 1448 εὐφιλήταν
1228 1370 1318 1434 ἔθου·
1342 1371 1413 1433 θεοὶ

749 1482 834 1562 (στρ.)
881 1478 1044 1558 πολιάοχοι
1061 1477 1183 1558 χθονός

882 1586 920 1645 ἰ’τ·
942 1588 985 1646 ἴτε
1010 1585 1121 1652 πάντες

880 1690 954 1752 ἴδετε
978 1695 1144 1774 παρθένων

881 1802 997 1860 ἱκέσιον
1019 1798 1112 1880 λόχον
1135 1797 1322 1867 δουλοσύνας
1347 1798 1427 1880 ὕπερ.

879 1909 966 1987 κῦμα
989 1905 1049 1987 γάρ
1073 1905 1248 1988 περιπτόλιν

880 2011 1126 2094 δοχμολόφων
1149 2012 1294 2092 ἀνδρῶν
1317 2012 1498 2092 καχλάζει
1521 2014 1631 2080 πνοαῖς

880 2118 970 2202 ἄρεος
993 2119 1149 2202 ὀρόμενον.

881 2228 947 2288 ἀλλ’
973 2220 998 2287 ὦ
1021 2229 1070 2300 ζεῦ
1093 2225 1190 2308 πάτερ
1214 2229 1358 2293 παντελὲς
1381 2224 1502 2293 πάντως
1669 2227 1732 2290 110

881 2332 1020 2415 ἄρηξον
1041 2331 1155 2394 δαΐων
1179 2330 1324 2394 ἅλωσιν.

1022 2437 1106 2520 ‘70²0‘

882 2530 1025 2610 άργειοι
1047 2525 1083 2588 δὲ
1106 2527 1272 2607 πόλισμα
1297 2526 1443 2609 κάδμου
1467 2526 1536 2610 (sic)

879 2639 1071 2696 κυκλοῦνται.
1094 2633 1193 2716 φόβος
1215 2634 1241 2695 δ’
1268 2636 1387 2716 ἀρηίων
1410 2634 1517 2696 ὅπλων.

880 2739 1011 2803 διαδίτοι
1033 2740 1148 2822 γενύων
1169 2745 1297 2803 ἱππείων

880 2847 1101 2929 κινύρονται
1122 2846 1239 2925 φόνον
1257 2849 1420 2926 χαλινοί.
1669 2847 1731 2907 115

879 2952 958 3018 ἑπτά
980 2954 1006 3015 δ’
1033 2954 1182 3035 ἀγάνορες
1206 2957 1367 3035 πρέποντες
1391 2955 1525 3034 στρατοῦ

880 3061 1059 3142 δορυσσόοις
1082 3059 1194 3141 σάγαις
1218 3059 1329 3127 πύλαις
1351 3058 1498 3140 ἑβδόμαις

881 3170 1155 3252 προσίστανται
1178 3164 1280 3240 πάλῳ
1302 3164 1487 3244 λαχόντες.

669 3279 827 3358 (άντιστρ.)
874 3275 913 3337 σύ
937 3276 963 3336 τ’
989 3267 1013 3335 ὦ
1038 3273 1166 3353 διογενὲς
1187 3270 1366 3354 φιλόμαχον
1388 3270 1501 3354 κράτος
1670 3271 1732 3333 120

880 3383 1053 3460 ῥυσίπτολις
1074 3381 1163 3459 γενοῦ
1187 3376 1305 3445 παλλάς
1328 3377 1346 3439 ὅ
1368 3379 1404 3439 θ’
1430 3381 1534 3444 ἰ’ππιος

882 3484 1075 3567 ποντομέδων
1098 3484 1180 3559 ἅναξ

880 3592 1071 3674 ἰχθυβόλῳ
1093 3597 1267 3674 μᾶχανὰι
1291 3590 1471 3653 ποσειδᾶν

1076 3725 1083 3739 .
1129 3723 1158 3760 v.

882 3793 1019 3852 ἐπίλυσιν
1040 3705 1145 3867 φόύρόν
1163 3791 1299 3850 sudum
1322 3787 1412 3849 δίδου.

881 3897 921 3958 ⁰¹⁵
944 3901 969 3957 τ’
997 3896 1075 3977 ἄρα
1097 3899 1156 3974 σεῦ
1178 3900 1237 3971 σεῦ

880 4003 1042 4085 ἐπώνυμον
1065 4003 1188 4083 κάδμου

880 4109 969 4171 πόλιν
990 4109 1155 4187 φύλαξον
1177 4108 1335 4184 κήδεσαί
1355 4107 1382 4168 τ’
1409 4107 1575 4186 ἐναργῶς.

880 4217 945 4278 καί
967 4216 1099 4298 κύπρις
1123 4215 1186 4277 ἅτε
1209 4219 1337 4297 γένους
1359 4212 1560 4295 προμάτωρ

882 4324 1021 4386 ἄλευσον.
1045 4328 1137 4386 σέθεν
1160 4327 1191 4398 ἐξ
1213 4326 1347 4404 αἳματος

881 4431 1057 4512 γεγόναμεν.
1080 4434 1176 4498 λιταῖς
1200 4453 1233 4493 σε

881 4537 1059 4606 θεοκλύτοις
1083 4521 1275 4599 άπύουσαι
1672 4533 1734 4596 130

881 4643 1154 4725 πελαζόμεσθα.
1178 4642 1233 4704 καί
1256 4643 1295 4704 σδ
1317 4641 1410 4704 λύκει’
1438 4639 1519 4714 άναξ

881 4750 998 4818 λύκειος
1020 4755 1109 4831 γενοῦ
1132 4754 1265 4831 στρατῶι
1288 4748 1377 4809 δαίωι

366 4937 369 4942 ,
454 4879 502 4950 21)
520 4878 639 4947 primum
661 4876 690 4930 in
713 4875 888 4943 lectionibus,
917 4889 984 4944 quas
1008 4875 1108 4928 iterum
1131 4874 1284 4942 iterumque
1307 4871 1340 4926 de
1363 4871 1414 4924 hso
1437 4869 1528 4924 fabulo
1550 4868 1752 4938 interpretanda
1774 4865 1883 4930 hebuit,
1908 4860 2004 4915 deinde
2027 4858 2108 4914 etism
2132 4857 2162 4911 in

352 4968 547 5038 disputatione,
576 4981 644 5035 quoe
672 4965 774 5020 inserto
800 4969 842 5020 est
869 4961 961 5018 libello
985 4979 1065 5032 quem
1089 4961 1222 5017 Robertns
1246 4960 1368 5030 Engerus
1398 4959 1443 5012 ‘de
1467 4957 1622 5027 Aeschyliis
1644 4953 1906 5024 antistrophicorum
1930 4944 2162 5018 responsionibus'

351 5056 532 5112 Vrstislsvise
551 5071 575 5110 ε.
596 5053 664 5109 1836
683 5055 768 5108 edidit
786 5071 811 5123 p.
831 5051 936 5108 36-46
952 5051 1113 5121 :opuseuh
1133 5050 1166 5106 V.
1185 5069 1211 5120 p.
1230 5049 1379 5103 224-231.
1501 5047 1546 5117 22)
1565 5049 1598 5101 et.
1618 5045 1711 5116 philol.
1731 5042 1865 5110 Anzeiger
1888 5038 1938 5093 IX.
1963 5035 2054 5106 (1878)
2074 5052 2099 5105 p.
2118 5033 2164 5088 86.

458 5145 502 5214 23)
521 5145 550 5199 in
570 5143 664 5199 Museo
683 5143 801 5198 rhenano
821 5159 847 5197 n.
867 5159 888 5197 s.
907 5141 1026 5196 XXXII.
1047 5159 1071 5210 p.
1091 5141 1151 5195 312.
