4782 5920
1038 437 1197 444 *-
1244 400 1285 462 20
1332 433 1490 444 --m

362 611 523 657 sermones
551 599 582 656 et
609 594 692 677 regis
716 611 867 676 responsa
894 594 1069 677 aequaliter
1092 595 1234 658 dimensa
1263 613 1333 658 esso
1361 593 1599 674 existimantis',
1631 612 1713 676 quac
1742 611 1816 655 cum
1844 593 1969 656 minimi
1996 591 2089 674 pretii
2117 591 2167 669 sit,

361 698 441 762 nihil
459 699 499 762 ad
518 705 657 764 nostram
678 700 923 783 disputationem
947 703 1090 785 pertinet.
1100 703 1143 787 3ί)
1179 701 1293 784 ltaque
1312 703 1399 765 utin
1423 719 1458 764 re
1481 707 1546 764 tam
1571 699 1689 764 difficili
1712 707 1842 784 tamque
1865 699 1926 762 late
1950 697 2062 762 diffusa
2086 715 2167 780 quae

362 807 495 870 minoris
526 808 678 871 momenti
712 811 788 870 sunt
819 810 961 872 omittam
995 810 1101 872 omnia
1134 811 1302 892 ipsamque
1329 826 1396 871 rem
1426 827 1523 890 quam
1550 807 1746 872 brevissimis
1773 806 1877 872 verbis
1905 803 2077 884 absolvam,
2109 803 2166 866 tria

361 915 565 998 potissimum
593 918 683 996 sunt,
711 913 829 998 quibus
855 914 1051 979 Ritschelius
1084 917 1176 980 nisus
1200 916 1277 978 haec
1305 933 1489 978 sermonum
1517 915 1604 996 paria
1636 916 1718 979 inter
1752 934 1786 979 se
1816 911 2006 997 respondere
2038 909 2167 973 demon·

363 1027 479 1085 strasse
507 1020 569 1085 sibi
597 1022 687 1086 visus
717 1027 778 1086 est:
807 1021 941 1086 lacunae
968 1028 1041 1086 ante
1070 1043 1099 1084 v.
1130 1023 1194 1086 453
1223 1027 1254 1086 et
1281 1027 1353 1106 post
1383 1021 1443 1082 531
1474 1021 1660 1085 statuendae
1688 1027 1720 1086 et
1747 1040 1859 1084 versus
1889 1020 1962 1082 496.
1992 1016 2164 1080 ree-501

362 1129 555 1192 removendi.
602 1129 711 1212 Atque
734 1147 819 1208 eam,
847 1147 943 1210 quam
968 1127 1065 1191 altero
1089 1129 1157 1192 loco
1182 1129 1262 1209 diri,
1289 1128 1434 1192 lacunam
1464 1133 1536 1211 post
1564 1128 1625 1190 531
1651 1125 1837 1191 Dindorfius
1860 1131 1986 1209 propter
2008 1141 2165 1186 conexum

362 1237 592 1300 sententiarum
610 1237 825 1320 interruptum
843 1235 907 1297 iam
928 1239 997 1296 tum
1017 1240 1179 1316 statuerat,
1202 1254 1276 1298 cum
1295 1235 1334 1298 de
1352 1236 1474 1299 ratione
1497 1234 1680 1299 antithetica
1702 1234 1783 1297 nihil
1807 1235 2027 1317 suspicaretur.
2065 1228 2167 1306 Quam

359 1343 507 1406 lacunam
531 1341 687 1406 Martinus
715 1341 774 1406 etsi
802 1340 840 1403 ad
869 1341 968 1404 unius
996 1346 1121 1404 tanturn
1151 1360 1264 1404 versus
1287 1343 1424 1424 spatium
1448 1341 1592 1424 redigere
1614 1341 1732 1422 voluit,
1761 1347 1866 1403 tamen
1889 1359 1955 1402 non
1978 1339 2081 1422 potuit
2102 1355 2168 1400 non

360 1469 538 1534 agnoscere.
583 1449 666 1513 Nam
690 1450 717 1512 si
741 1468 838 1532 quam
861 1447 1008 1510 lacunam
1032 1446 1214 1528 probavisti,
1238 1466 1408 1532 quousque
1431 1467 1469 1511 ea
1491 1452 1603 1530 pateat,
1625 1466 1682 1530 pro
1705 1451 1789 1511 certo
1813 1445 1968 1510 affirmare
1986 1463 2051 1508 non
2070 1450 2167 1527 potes

359 1555 483 1621 Deinde
507 1557 592 1641 quod
616 1554 857 1620 Heimsoethius
880 1573 920 1617 ne
943 1553 1011 1635 ipse
1036 1553 1163 1635 quidem
1183 1552 1341 1618 turbatam
1361 1573 1468 1618 rerum
1487 1554 1723 1638 verborumque
1742 1553 1982 1617 continuitatem
2002 1552 2167 1615 restituere

359 1683 455 1748 posse
483 1663 542 1727 sibi
569 1665 660 1726 visus
689 1667 751 1743 est,
778 1660 842 1723 nisi
871 1658 997 1723 duabus
1026 1661 1218 1724 coniecturis
1245 1659 1396 1742 (δοοθίων
1418 1681 1475 1745 pro
1500 1660 1574 1743 πρὸς
1597 1664 1680 1721 θεῶν
1703 1665 1734 1724 et
1758 1660 1910 1741 ὀλοίμεθα
1938 1677 1993 1742 pro
2022 1657 2168 1736 ὀλοίατο),

361 1791 441 1855 quas
464 1771 586 1834 nemini
604 1768 757 1852 probavit
781 1765 916 1829 dubium
936 1784 1006 1830 esse
1025 1768 1081 1828 vix
1100 1768 1252 1851 cuiquam
1270 1773 1384 1853 potest,
1408 1771 1487 1853 quin
1506 1769 1641 1832 alterum
1659 1767 1742 1831 illud
1759 1765 1990 1831 Ritschelianae
2010 1763 2169 1828 doctrinae

359 1878 605 1942 fundamentum
629 1880 661 1937 et
683 1874 745 1957 ipsi
769 1872 940 1936 adversarii
964 1875 1111 1957 quamvis
1136 1875 1228 1938 inviti
1252 1896 1348 1959 quam
1373 1877 1512 1940 maxime
1536 1873 1817 1959 comprobaverint.

466 1981 590 2046 Deinde
613 1982 646 2044 in
670 1978 816 2044 versibus
838 1979 912 2043 inde
936 1979 976 2044 ab
999 1981 1064 2044 495
1087 2001 1192 2066 usque
1216 1982 1255 2045 ad
1281 1984 1341 2046 501

891 2087 1064 2160 ξυνοίσετον
1082 2085 1112 2148 δὲ
1136 2091 1298 2169 πολεμίους
1321 2090 1373 2148 ἐπ’
1400 2087 1566 2150 ἀσπίδων

889 2193 995 2262 θεούς·
1018 2195 1036 2255 ὃ
1058 2198 1117 2276 μὲν
1139 2193 1199 2276 γάρ
1224 2194 1381 2277 πύρπνοον
1407 2196 1530 2274 Τυφῶν’
1555 2193 1627 2274 ἔχει,

888 2301 1065 2382 ΙΤπερβίῳ
1089 2299 1119 2362 δὲ
1143 2299 1233 2369 Ζεὺς
1257 2301 1359 2383 πατὴρ
1383 2304 1433 2362 ἐπ’
1461 2301 1619 2370 ἀσπίδος

891 2406 1038 2476 σταδαῖος
1060 2401 1163 2482 ἧσται,
1188 2406 1240 2470 διά
1259 2407 1351 2490 χερὸς
1372 2412 1459 2490 ‘delos
1481 2412 1605 2490 φλέγων.

890 2513 995 2576 ιιοῦπω
1020 2539 1062 2582 τις
1085 2513 1162 2576 εἶδεν
1184 2514 1287 2590 Ζῆνά
1312 2538 1372 2577 που
1395 2514 1570 2597 νικώμενον.

890 2620 991 2682 τοιάδε
1013 2624 1119 2702 μέντοι
1143 2624 1325 2703 προσφάεια
1348 2621 1516 2704 δαιμόνων·

890 2726 965 2810 πρὸς
988 2731 1049 2788 τῶν
1071 2726 1268 2810 κρατούντων
1289 2728 1316 2788 δ’
1341 2733 1447 2811 ἐσμέν,
1471 2737 1500 2790 οἱ
1523 2728 1549 2788 δ’
1576 2729 1769 2810 ἡσσωμένων.

821 2839 845 2916 β
888 2841 916 2896 εί
937 2834 1027 2902 Ζεύς
1049 2857 1081 2915 γε
1109 2837 1217 2913 Τυφῶ
1240 2835 1462 2918 καρτερώτερος
1483 2835 1583 2922 μάχῳ.

823 2965 842 3020 y
883 2941 1062 3024 Ὑπερβίῳ
1085 2963 1116 3002 τε
1139 2939 1214 3023 πρὸς
1237 2940 1327 3022 λόγον
1350 2946 1404 3002 τοῦ
1428 2941 1580 3023 σήματος·

819 3072 841 3108 α
887 3047 967 3117 εἰκός
988 3071 1020 3129 γε
1044 3047 1170 3131 πράξειν
1193 3046 1309 3130 ἄνδρας
1331 3041 1377 3109 ὧδ’
1405 3049 1586 3128 ἀντηρέτας·
1849 3048 1911 3110 500

824 3153 841 3214 δ
886 3154 987 3236 σωτὴρ
1009 3157 1117 3236 γένοιτ’
1145 3155 1187 3215 ἀν
1208 3152 1298 3222 Ζεὺς
1321 3155 1372 3215 ἐπ’
1399 3153 1557 3224 ἀσπίδος
1579 3153 1681 3234 τυχών

361 3265 532 3344 antequam
566 3259 759 3325 Ritschelius
786 3262 864 3326 haec
892 3263 1052 3346 colloquia
1078 3264 1162 3327 inter
1190 3281 1224 3326 se
1252 3264 1419 3345 aequanda
1447 3263 1566 3345 docuit,
1598 3283 1672 3326 oum
1699 3259 1784 3325 idem
1811 3258 2010 3342 Dindorfius,
2040 3265 2107 3322 turn
2134 3255 2161 3317 is

363 3369 419 3451 qui
437 3369 471 3431 in
496 3369 569 3432 totis
591 3368 739 3432 versibus
766 3368 806 3432 ab
829 3370 991 3451 Aeschylo
1021 3369 1240 3433 abiudioandis
1269 3371 1409 3434 maxima
1437 3389 1563 3452 semper
1589 3389 1671 3434 usus
1700 3375 1749 3432 est
1777 3368 1999 3450 moderatione,
2026 3365 2061 3429 G.
2082 3362 2163 3427 Her·

361 3494 500 3538 mannus
531 3494 644 3539 versus
679 3476 823 3560 quinque
857 3476 908 3540 vel
941 3496 999 3540 sex
1032 3495 1072 3541 ex
1104 3476 1228 3562 reliqua
1257 3478 1413 3540 sermonis
1444 3479 1655 3562 perpetuitate
1684 3476 1894 3541 secludendos
1927 3475 2052 3540 orbitati
2084 3475 2165 3536 sunt.

362 3579 486 3658 Quibus
510 3582 544 3644 in
567 3580 674 3645 verbis
697 3601 771 3646 cum
795 3582 845 3646 bis
869 3583 979 3647 eadem
1003 3583 1067 3647 fere
1090 3584 1150 3648 dici
1174 3586 1277 3669 primo
1303 3584 1409 3647 statim
1432 3591 1563 3667 aspectu
1587 3589 1734 3668 appareat
1757 3591 1789 3648 et
1807 3584 1917 3648 eadem
1936 3602 2061 3668 semper
2079 3597 2168 3644 voca·

362 3688 436 3752 bulu
454 3707 568 3752 rursus
587 3696 760 3772 recurrant,
779 3695 816 3754 ut
835 3692 883 3750 ἐπ’
906 3687 1044 3761 ἀσπίδος,
1071 3693 1242 3769 Τυφῶνα..
1262 3689 1421 3772 Ὑπερβίῳ,
1436 3685 1529 3762 Ζεύς,
1553 3694 1652 3767 Ζῆνα,
1675 3689 1760 3762 Ζεύς,
1787 3695 1890 3769 Τυφῶ,
1906 3690 2066 3773 Ὑπερβίῳ,
2085 3685 2169 3756 Ζεύς,

363 3813 445 3879 quae
474 3795 703 3859 sententiarum
733 3797 971 3882 verborumque
998 3798 1149 3861 ieiunitas
1177 3759 1272 3880 atqbe
1299 3797 1404 3861 vilitas
1431 3798 1466 3861 in
1495 3799 1601 3861 nuntii
1629 3798 1863 3862 narrationibus
1887 3795 2018 3862 tortasse
2041 3793 2170 3860 ferenda

361 3907 418 3983 est,
441 3899 480 3964 ab
502 3901 587 3984 regis
611 3899 748 3966 Eteoclis
772 3906 910 3968 oratione
929 3904 1023 3988 plane
1042 3902 1199 3968 abhorret:
1220 3905 1279 3968 etsi
1298 3904 1337 3968 de
1356 3903 1493 3987 singulis
1513 3904 1707 3987 quibusdam
1725 3906 1882 3986 versibus,
1906 3904 2010 3987 qualis
2029 3905 2076 3964 est
2094 3898 2169 3975 495,

363 4008 498 4073 dubitari
527 4006 615 4089 licet,
642 4008 676 4071 in
704 4011 893 4075 universum
923 4017 1029 4074 tamen
1057 4011 1160 4074 multa
1186 4011 1263 4075 falso
1286 4011 1473 4094 interposita
1496 4030 1566 4074 esse
1589 4031 1862 4097 supervacaneum
1886 4027 1998 4074 censeo
2021 4000 2169 4087 plun'bus

360 4114 465 4206 verbis
498 4114 700 4197 perscribere.
746 4116 879 4180 Accedit
912 4117 998 4200 quod
1030 4135 1137 4200 neque
1167 4118 1202 4179 in
1231 4116 1373 4180 Mediceo
1406 4117 1512 4180 codice
1545 4118 1621 4182 ordo
1653 4139 1807 4184 versuum
1840 4119 1963 4182 constat
1994 4117 2025 4174 et
2056 4110 2090 4172 in
2123 4108 2169 4171 eis

363 4221 545 4300 sententia,
575 4220 692 4303 quibus
720 4221 851 4287 adiectis
879 4222 1026 4287 librarius
1053 4223 1202 4308 proxima
1229 4222 1361 4287 ube1ius
1390 4242 1547 4307 exponere
1571 4226 1705 4308 studuit,
1732 4225 1832 4289 multa
1854 4223 1976 4300 insunt,
1999 4236 2080 4303 quae
2103 4235 2169 4280 non

364 4329 580 4412 expediuntur
608 4327 670 4389 nisi
699 4328 863 4393 nonnullis
891 4328 995 4393 verbis
1020 4349 1060 4394 ex
1084 4329 1191 4412 aliqua
1213 4335 1300 4413 parte
1324 4332 1463 4394 mutatis.
1509 4331 1592 4396 Nam
1616 4352 1657 4396 ne
1680 4352 1753 4396 eum
1779 4328 1907 4413 quidem
1932 4324 2074 4391 ordinem
2099 4343 2170 4387 ver·

363 4455 469 4518 suum,
493 4453 590 4519 quem
614 4453 729 4498 manus
754 4434 873 4500 saeculi
896 4436 1025 4500 demum
1051 4437 1155 4518 quarti
1180 4435 1295 4500 decimi
1318 4436 1430 4500 litteris
1453 4439 1486 4501 in
1511 4441 1653 4524 margine
1676 4436 1841 4518 adscriptis
1869 4433 2030 4517 indicavit,
2059 4432 2170 4497 Haim-

362 4541 515 4622 soethirm,
536 4540 685 4624 Weilius,
709 4541 762 4605 alii
785 4541 1003 4607 defenderunt

468 4646 578 4710 Restat
614 4648 647 4711 id
686 4649 772 4732 quod
802 4651 905 4732 primo
942 4647 1012 4713 loco
1046 4651 1375 4714 commemoravimus.
1430 4651 1566 4717 Tertiam
1598 4653 1681 4737 rogis
1713 4649 1887 4713 orationem
1919 4647 2065 4711 mutilam
2099 4663 2169 4709 esse

362 4752 555 4818 Ritschelius
579 4757 741 4820 contendit
762 4756 902 4841 intellegi
928 4757 1102 4840 exprimis
1127 4757 1232 4820 statim
1257 4756 1403 4820 versibus
1427 4762 1632 4842 maximeque
1656 4777 1696 4822 ex
1719 4755 1906 4839 pronomine
1928 4755 1983 4818 illo
2008 4753 2090 4815 τόνδε
2119 4752 2171 4816 vel

362 4859 434 4936 τῷδε
462 4859 676 4944 inexplicabili
707 4864 1002 4947 sententiarumque
1030 4864 1230 4946 copulatione
1258 4883 1371 4946 parum
1404 4866 1549 4947 expedita
1581 4863 1753 4948 verbisque
1786 4863 1892 4926 nuntii
1926 4883 1990 4928 non
2019 4860 2170 4946 respectis

472 5091 516 5161 37)
535 5091 604 5146 Nam
626 5089 657 5144 R·
676 5089 799 5160 Engerus
818 5093 846 5146 in
865 5093 947 5148 Jahni
965 5092 1053 5148 annal.
1075 5091 1151 5148 1857.
1171 5109 1196 5162 p.
1215 5091 1250 5147 82
1269 5093 1363 5148 eontra
1380 5107 1465 5146 unum
1484 5091 1623 5147 Prienium
1643 5109 1699 5146 rem
1718 5090 1811 5158 gessit.
