4782 5920
1033 328 1487 390 —24—

354 531 527 607 propterea,
551 521 646 605 quod,
665 541 872 587 numerorum
891 524 970 587 ratio
989 524 1050 586 hoc
1074 522 1230 587 suaderet.
1264 522 1346 586 Nam
1370 524 1403 585 in
1428 523 1478 587 his
1502 524 1717 588 trimetrorum
1741 523 1980 608 repetitionibus
2002 523 2036 587 id
2060 543 2162 587 unum

354 634 427 692 anta
452 629 559 692 onmia
582 629 790 711 spectandum
818 631 891 709 erit,
919 649 959 694 ne
987 631 1178 694 severiorem
1207 634 1385 694 statuamus
1413 630 1664 713 responsionem,
1692 650 1789 713 quam
1818 649 1900 714 quae
1928 635 1977 694 est
2007 631 2042 693 in
2075 629 2163 693 chori

355 734 547 799 carminibus
580 736 830 819 antistrophicis,
856 737 891 799 in
916 734 1033 818 quibus
1056 736 1142 800 haud
1165 738 1208 799 ita
1230 756 1301 800 raro
1324 736 1374 818 fit,
1403 742 1440 799 ut
1462 737 1619 800 sententia
1646 756 1711 800 non
1743 737 1776 800 in
1803 739 1907 821 ipsius
1931 737 2077 820 strophae
2100 736 2163 800 fine

354 841 545 919 absolvatur,
569 842 624 906 sed
647 845 810 925 proximae
835 842 965 906 demum
987 863 1085 908 versu
1108 845 1219 926 primo,
1243 844 1336 906 cuius
1360 843 1406 906 rei
1430 842 1515 926 apud
1537 842 1735 924 Aeschylum
1759 843 1905 926 exempla
1927 843 2009 909 infra
2032 844 2162 910 demon-

354 948 459 1012 strabo
484 967 554 1012 esse
577 949 662 1012 haud
685 967 795 1031 pauca,
819 949 904 1013 unde
927 951 1004 1013 satis
1027 955 1155 1033 apparet
1178 949 1323 1014 melicum
1348 949 1585 1033 compositionis
1610 955 1641 1013 et
1668 949 1802 1033 logicam
1827 970 1909 1033 quae
1934 950 2050 1014 dicitur
2071 951 2162 1014 ratio·

355 1074 428 1119 nam
452 1055 642 1138 plerumque
666 1074 850 1138 congruere,
874 1055 929 1119 sed
953 1075 1018 1118 non
1042 1075 1166 1139 semper
1189 1055 1321 1118 eandem
1346 1074 1416 1118 esse
1439 1060 1592 1138 oportere.

461 1163 490 1222 4.
514 1159 684 1245 Explorate
712 1167 743 1225 et
771 1163 915 1244 exposita
942 1162 1058 1226 horum
1086 1181 1240 1224 versuum
1268 1162 1472 1245 responsione
1498 1163 1583 1224 viam
1617 1160 1709 1226 nobis
1732 1165 1889 1228 munitam
1914 1182 1984 1227 esse
2008 1163 2164 1247 intellegis

354 1267 394 1332 ad
417 1268 668 1351 cognoscendam
696 1269 766 1332 eius
794 1268 935 1350 episodii,
963 1268 1002 1331 de
1030 1287 1093 1351 quo
1122 1287 1214 1350 agere
1241 1269 1455 1348 instituimus,
1482 1286 1588 1331 veram
1617 1270 1771 1332 rationem
1800 1271 2044 1349 symmetricam.
2081 1269 2163 1334 Nam

355 1375 439 1440 sicut
469 1374 523 1437 illo
547 1373 764 1438 Eumenidum
796 1374 867 1436 loco
900 1393 964 1436 non
997 1375 1105 1436 minus
1139 1379 1269 1437 centum
1302 1373 1509 1458 quadraginta
1541 1375 1674 1438 trimetri
1706 1373 1835 1438 iambici
1867 1377 2008 1459 repetitis
2041 1377 2165 1441 duabus

354 1486 478 1544 tautum
509 1481 643 1564 strophis
672 1486 756 1544 recte
784 1487 879 1563 atque
912 1480 1021 1543 ordine
1050 1482 1266 1563 continentur,
1295 1481 1333 1544 ad
1362 1481 1496 1544 eandem
1523 1499 1654 1563 prorsus
1680 1482 1835 1545 rationem
1860 1481 2011 1545 hocloco
2036 1483 2165 1547 ducenti

354 1589 468 1672 viginti
486 1606 600 1651 versus
616 1587 743 1658 insertis
768 1605 825 1650 sex
850 1586 987 1668 strophis
1010 1585 1143 1650 describi
1166 1607 1258 1670 posse
1282 1587 1370 1651 nullo
1394 1587 1488 1650 modo
1511 1592 1616 1671 potest
1638 1587 1756 1670 negari.
1794 1586 1889 1651 Modo
1908 1587 1942 1651 id
1961 1590 2163 1671 potissimum

357 1699 536 1758 tensanus:
562 1713 603 1757 111
627 1691 759 1776 reliquis
784 1691 998 1757 diverbiorum
1023 1713 1097 1759 cum
1121 1695 1243 1758 melicis
1268 1695 1444 1757 mixtorum
1468 1693 1625 1777 exemplis
1648 1693 1730 1756 ellici
1753 1713 1818 1757 non
1841 1713 1936 1777 posse
1954 1695 2048 1758 aliam
2067 1696 2164 1759 huius

354 1800 486 1865 diverbii
514 1800 752 1882 responsionem
784 1817 854 1862 esse
882 1801 944 1863 nisi
973 1801 1120 1882 eandem,
1149 1820 1230 1884 quae
1261 1800 1362 1864 tribus
1392 1800 1594 1884 stropharum
1621 1799 1751 1884 paribus
1784 1801 1979 1884 interpositis
2006 1801 2166 1866 indicatur

354 1909 413 1988 ita,
454 1912 490 1970 ut
532 1925 597 1968 non
630 1911 694 1970 tam
735 1906 879 1990 singulae
915 1907 1021 1970 nuntii
1059 1910 1254 1972 narrationes
1292 1907 1427 1991 singulis
1463 1906 1605 1971 Thebani
1640 1909 1725 1992 regis
1761 1907 2031 1990 responsionibus,
2068 1930 2165 1993 quam

356 2013 484 2097 singula
514 2014 599 2076 inter
630 2032 664 2076 se
697 2014 875 2076 orationum
908 2014 996 2097 paria
1027 2015 1245 2097 respondeant
1292 2014 1405 2098 ltaque
1437 2015 1515 2077 ratio
1538 2012 1580 2078 H.
1604 2013 1726 2096 Weilii,
1759 2015 1815 2096 qui
1847 2035 1912 2078 non
1941 2014 2046 2079 solum
2075 2015 2166 2079 binas

355 2121 522 2202 dictiones,
550 2138 664 2183 verum
692 2121 786 2184 etiam
810 2118 885 2183 bina
908 2119 1083 2184 dictionum
1107 2123 1236 2205 paria‘a
1258 2125 1349 2204 pobta
1372 2126 1550 2203 exaequata
1577 2139 1646 2184 esse
1674 2127 1797 2203 censet,
1824 2123 1858 2185 in
1882 2123 2070 2186 universum
2094 2143 2165 2206 pro-

355 2227 456 2291 banda
475 2233 531 2308 est,
555 2225 610 2288 sed
630 2231 735 2289 tamen
755 2226 892 2290 eundem
912 2227 947 2290 in
965 2245 1003 2290 eo
1023 2245 1143 2292 errasse
1162 2240 1301 2312 apparet,
1324 2227 1410 2310 quod
1434 2228 1574 2309 primum
1598 2247 1671 2290 cum
1692 2234 1804 2311 quarto
1824 2248 1897 2292 cum
1917 2230 2010 2294 tertio
2030 2231 2164 2294 alterum

357 2351 532 2416 congruere
560 2332 675 2412 voluit,
704 2352 739 2396 ac
763 2353 827 2396 non
851 2335 992 2418 primum
1016 2339 1049 2398 11
1070 2334 1215 2416 alterum,
1238 2335 1369 2398 tertium
1392 2340 1424 2397 et
1447 2339 1609 2417 quartum,
1638 2335 1788 2415 quintum
1812 2341 1844 2398 et
1867 2343 1995 2400 sextum
2024 2339 2108 2401 inter
2131 2357 2165 2402 se

356 2439 557 2524 respondere,
579 2438 611 2502 id
636 2439 723 2522 quod
745 2441 805 2502 arti
828 2440 1026 2522 Aeschyleae
1050 2441 1155 2505 solnm
1179 2443 1373 2505 conveniens
1397 2459 1467 2506 esse
1490 2439 1624 2504 ridetur

462 2545 602 2627 Accedit,
627 2545 714 2629 quod
737 2551 769 2610 et
790 2549 860 2630 ipsa
883 2545 1082 2630 singularum
1106 2548 1281 2612 dictionum
1305 2552 1494 2632 argumenta
1511 2547 1586 2611 huic
1604 2548 1719 2612 rationi
1740 2568 1835 2631 quam
1857 2551 1997 2614 maxime
2016 2551 2167 2614 videntur

355 2671 425 2717 esse
449 2652 692 2716 accommodata.
729 2652 812 2716 Nam
832 2655 949 2737 optime
967 2655 1049 2717 inter
1068 2673 1101 2718 se
1120 2661 1342 2738 comparantur
1360 2654 1550 2719 atrocissimi
1568 2653 1616 2716 illi
1634 2673 1827 2738 pugnaeque
1846 2656 2020 2721 avidissimi
2039 2655 2166 2738 Tydeus

356 2765 388 2823 et
411 2758 590 2842 Capaneus,
617 2765 755 2843 uterque
780 2761 885 2844 gigas,
912 2780 999 2824 unus
1027 2767 1137 2825 vatum
1166 2760 1460 2843 sacrificiorumque
1489 2764 1698 2841 contemptor,
1727 2758 1814 2823 Iovis
1842 2760 2043 2826 fulminantis
2073 2763 2164 2839 altem

356 2872 467 2931 contra
489 2865 692 2950 Melanippus
719 2885 736 2930 e
760 2865 945 2949 Spartorum
972 2873 1080 2951 gente,
1103 2870 1156 2932 cui
1180 2867 1264 2932 Mars
1287 2870 1476 2952 pepercerat,
1504 2870 1535 2927 11
1558 2863 1782 2946 Polyphontes,
1810 2866 1924 2947 quiin
1947 2865 2068 2929 Dianae
2091 2867 2165 2929 alio-

356 2992 496 3057 rumque
524 2973 696 3037 numiuum
720 2972 820 3036 tutela
843 2978 904 3037 est:
934 2993 975 3036 111
999 2995 1063 3058 qua
1086 2976 1319 3058 comparatione
1343 2974 1449 3036 statim
1473 2970 1512 3034 ab
1535 2972 1624 3034 initio
1647 2968 1827 3032 Thebanam
1850 2970 1998 3050 pietatem
2022 2989 2164 3052 pugnare

358 3082 462 3146 elucet
484 3100 558 3144 cum
582 3099 709 3142 summa
731 3080 765 3142 in
789 3080 865 3144 deos
888 3081 1058 3164 impietate.
1094 3081 1218 3146 Deinde
1241 3081 1338 3145 altero
1368 3079 1544 3142 dictionum
1571 3077 1637 3160 pari
1667 3081 1831 3139 scutorum
1857 3075 1997 3156 insignia
2025 3077 2163 3138 maxime

356 3189 586 3271 praedicantur.
624 3186 707 3250 Nam
730 3185 879 3250 Eteoclus
903 3187 1065 3252 hominem
1087 3191 1123 3252 in
1147 3194 1238 3253 scuto
1260 3186 1364 3268 habet,
1388 3187 1445 3270 qui
1467 3185 1595 3248 nullum
1622 3182 1690 3247 iore
1717 3180 1980 3265 impedimentum
2004 3181 2164 3265 gloriatur,

358 3296 437 3378 quin
455 3313 568 3358 muros
585 3294 744 3376 ascendat,
762 3293 963 3377 Hippomedo
982 3295 1093 3378 clypeo
1113 3302 1285 3360 exomatus
1305 3300 1363 3376 est,
1380 3295 1415 3356 in
1434 3312 1498 3376 quo
1515 3291 1685 3375 Typhoeus
1703 3289 1756 3352 ille
1774 3290 1868 3372 igneo
1889 3288 2002 3370 spiritu
2021 3289 2166 3350 atrociter

357 3403 503 3466 saeviens
528 3405 668 3484 apparet:
694 3405 802 3464 contra
821 3421 902 3483 quos
922 3402 978 3484 qui
1001 3405 1173 3486 pugnaturi
1198 3408 1275 3466 sunt
1294 3400 1444 3482 Thebani,
1461 3398 1629 3484 Megareus
1653 3401 1684 3462 et
1701 3395 1886 3480 Hyperbius
1909 3413 1996 3458 unus
2019 3395 2052 3456 in
2076 3399 2166 3457 scuto

356 3508 438 3572 duos
467 3506 605 3572 ostendit
631 3508 749 3591 patriae
776 3506 970 3588 defensores,
998 3507 1076 3572 alter
1102 3510 1210 3592 ipsum
1233 3509 1343 3573 Iovem
1371 3508 1603 3572 fulminantem.
1648 3501 1697 3568 De
1721 3503 1812 3567 tertio
1836 3500 1975 3584 denique
1998 3501 2066 3583 pari
2090 3500 2167 3584 quid

356 3615 479 3678 dicam?
512 3613 712 3677 Adulescens
735 3613 788 3678 ille
810 3613 900 3676 fortis
924 3620 956 3677 11
977 3612 1068 3678 ferox
1089 3613 1361 3700 Parthenopaeus,
1384 3617 1441 3700 qui
1463 3617 1614 3680 maiorem
1639 3613 1674 3675 in
1696 3611 1787 3674 hasta
1805 3627 1894 3693 spem
1915 3627 2012 3692 quam
2031 3609 2064 3670 in
2089 3609 2166 3691 ipsis

356 3722 444 3804 ponit
471 3721 554 3802 daie,
582 3721 639 3803 qui
666 3720 776 3785 urbem
805 3740 839 3785 se
866 3727 1127 3805 expugnaturum
1156 3721 1287 3786 confidit
1313 3723 1414 3785 invito
1438 3722 1530 3798 Iove,
1559 3727 1590 3785 et
1617 3719 1744 3801 sapiens
1772 3715 1825 3777 ille
1854 3720 1950 3797 atque
1977 3715 2050 3797 pius
2079 3721 2168 3778 vates

357 3828 583 3911 Amphiaraus,
597 3829 724 3891 venturi
739 3828 911 3909 praescius
926 3830 982 3910 qui
998 3828 1035 3892 de
1050 3828 1199 3892 omnibus
1214 3827 1309 3891 rebus
1326 3826 1480 3910 desperat,
1494 3845 1601 3889 nonne
1615 3825 1733 3906 optime
1747 3822 1832 3884 inter
1846 3840 1881 3884 se
1891 3821 2168 3904 opponuntur?⁴⁰)

465 3935 492 3999 5.
517 3933 629 4017 Itaque
658 3932 696 3996 de
723 3933 784 3995 hoc
807 3933 982 3997 dictionum
1005 3936 1072 4017 pari
1095 3934 1248 3998 Weilium
1273 3932 1449 3996 rectissime
1472 3931 1629 3993 iudicasse
1652 3927 1739 3991 haud
1763 3928 1956 4010 negaverim,
1983 3927 2167 4009 praesertim

357 4061 431 4106 eum
455 4060 609 4104 versuum
634 4057 763 4122 quoque
786 4042 912 4104 numeri
936 4061 1001 4104 non
1023 4046 1210 4124 repugnent
1247 4038 1430 4101 Traduntur
1452 4037 1539 4100 enim
1562 4041 1652 4098 sexto
1675 4034 1745 4097 loco
1769 4034 1876 4097 nuntii
1899 4039 1930 4094 et
1952 4033 2036 4114 regis
2055 4051 2169 4095 versus

357 4148 572 4230 undetriceni,
601 4147 712 4231 quinto
740 4147 846 4210 nuntii
876 4144 1003 4232 24-{-x
1032 4152 1063 4211 et
1088 4147 1173 4228 regis
1201 4141 1340 4229 x-l-13.
1387 4141 1481 4218 Quod
1509 4141 1546 4204 de
1575 4140 1673 4204 altero
1702 4141 1786 4223 pari,
1814 4157 1878 4222 quo
1902 4139 2009 4201 nuntii
2032 4143 2064 4202 et
2085 4140 2169 4222 regis

358 4257 563 4320 continentur
597 4255 753 4318 orationes
787 4255 877 4316 tertia
909 4259 941 4316 11
973 4259 1099 4336 quarta,
1131 4251 1309 4336 perspicere
1340 4249 1424 4312 idem
1452 4246 1685 4331 impediebatur
1715 4247 1863 4330 opinione
1890 4243 1947 4308 illa
1975 4245 2013 4310 de
2043 4265 2170 4309 summa

359 4366 468 4425 textus
490 4361 662 4442 Aeschylei
684 4360 862 4444 integritate
885 4365 1097 4442 praesumpta.
1144 4358 1226 4421 Nam
1250 4363 1420 4442 postquam
1444 4355 1665 4434 HermannuS,
1687 4350 1883 4428 Dindorfius‚
1909 4351 2103 4416 Ritsehelius
2131 4351 2169 4414 de

358 4466 505 4530 versibus
536 4466 615 4531 falso
643 4467 839 4551 interpositis
870 4466 908 4529 ad
936 4485 965 4528 r.
990 4469 1055 4532 495
1066 4487 1135 4550 sqq.
1167 4485 1235 4530 rem
1264 4464 1483 4542 absolverunt,
1515 4459 1610 4524 habes
1639 4458 1777 4522 eundem
1806 4477 1930 4543 semper
1955 4460 1990 4522 in
2019 4463 2171 4542 quattuor

358 4574 421 4638 illis
449 4572 641 4640 dictionibus
669 4594 822 4639 versuum
851 4591 1031 4638 numerum.
1085 4573 1169 4637 Nam
1196 4579 1228 4636 11
1255 4573 1348 4635 tertia
1380 4575 1556 4655 quartaque
1588 4567 1695 4630 nuntii
1728 4566 1886 4629 orationes
1919 4567 2036 4648 quinos
2069 4564 2169 4628 denos

359 4682 522 4745 continent
545 4699 656 4744 versus
679 4700 785 4765 neque
809 4681 984 4765 quidquem
1010 4699 1141 4744 caussae
1169 4685 1232 4761 est,
1261 4698 1318 4742 cur
1345 4679 1428 4761 regis
1453 4693 1582 4761 quoque
1604 4674 1714 4738 tertiae
1738 4679 1932 4757 quartaeque
1955 4672 2170 4754 responsionis

465 4838 511 4906 40)
530 4837 602 4891 Illud
620 4856 674 4893 non
694 4854 818 4906 urgeam:
839 4837 947 4908 singula
965 4855 1071 4908 quoque
1091 4837 1173 4892 verba
1191 4839 1273 4890 certis
1292 4835 1454 4905 quibusdam
1473 4834 1541 4889 locis
1560 4832 1675 4901 repetita
1693 4831 1758 4885 huic
1777 4831 1876 4884 rationi
1895 4829 2083 4884 convenientia
2101 4845 2169 4896 esse,

360 4929 452 4999 qualia
466 4925 596 4981 11111387
612 4928 680 4990 ἔχει
699 4924 725 4978 d'
744 4926 876 5000 ὖπίρφρον
895 4930 1005 4994 σῆμα..
1025 4923 1182 4990 φλέγονθ’
1201 4923 1251 4976 ὑπ’
1270 4924 1405 4996 ἄστροις..
1425 4923 1560 4994 λαμπρὰ
1579 4923 1606 4972 δὲ
1625 4919 1895 4988 πανσέληνοςε432
1911 4921 1978 4981 ἔχει
1998 4919 2026 4968 δέ
2044 4921 2170 4986 σῆμα...
2190 4973 2195 4983 Ι

359 5020 469 5082 φλέγει
488 5017 516 5068 di
535 5015 674 5076 λαμπάς.
694 5016 746 5070 562
766 5021 852 5068 θεῶν
874 5019 1007 5068 baldram
1024 5013 1082 5067 τόδ’
1103 5013 1137 5066 ἂν
1156 5011 1342 5081 ἀληθεύσαιμ’
1361 5014 1408 5076 lyd
1419 5037 1454 5061 ε
1463 5012 1515 5068 625
1536 5014 1619 5062 θεοῦ
1637 5013 1665 5062 δι’
1684 5007 1767 5081 δῶρόν
1786 5007 1856 5060 ἔστιν
1875 5003 1995 5070 1111111ιῖ1
2013 5006 2134 5078 βροτούς.
