4782 5920
1014 489 1172 498 *-
1221 452 1261 514 14
1306 491 1465 498 ---

339 651 466 730 sistere,
492 667 570 712 num
600 649 745 712 omnium
773 648 888 712 horum
925 647 1067 711 locorum
1100 666 1165 712 una
1197 646 1372 730 eademqne
1399 647 1598 732 agnoscenda
1626 653 1709 712 esset
1737 667 1863 731 caussa,
1896 650 1981 732 quod
2013 651 2142 733 signum

335 756 427 838 illud,
446 775 511 840 quo
527 754 605 838 quid
618 759 816 838 repetentum
831 760 915 818 esset
930 774 1027 838 quam
1042 752 1229 818 brevissime
1243 752 1490 838 significabatur,
1503 773 1568 818 uon
1582 754 1739 818 adunam
1755 755 1916 838 quoddam
1928 754 2073 835 verbum,
2087 755 2142 818 sed

337 863 377 928 ad
404 869 486 928 tutes
513 861 583 924 illas
607 861 768 925 clausulas
791 861 960 945 pertinuit,
989 880 1053 944 quo
1075 862 1205 924 nomine
1228 867 1389 926 extremae
1412 861 1485 926 illae
1508 861 1712 945 stropharum
1734 867 1839 946 partes
1864 861 1959 946 vulgo
1983 861 2141 926 dicuntur

337 969 435 1054 Apud
457 968 656 1048 Aeschylum
687 967 817 1050 quidem
841 973 872 1032 et
898 967 984 1051 apud
1007 966 1193 1051 Euripidem
1221 966 1309 1032 haud
1331 969 1375 1032 ita
1396 988 1499 1052 pauca
1521 969 1620 1032 huius
1643 969 1689 1032 rei
1711 969 1859 1052 exempla
1881 970 2098 1052 reperiuntur,
2125 987 2143 1032 e

337 1096 403 1161 quo
425 1093 560 1140 numero
585 1073 712 1157 singula
734 1073 862 1138 afferam
886 1074 977 1138 haec:
1001 1077 1061 1158 Ag.
1088 1075 1173 1137 1429
1197 1072 1359 1155 λρίδματός
1382 1074 1449 1159 [τις]
1473 1072 1583 1155 ἀνδρὸς
1602 1073 1692 1148 οἰζύς,
1716 1074 1772 1139 ubi
1791 1073 1879 1160 quod
1898 1074 1998 1139 codex
2015 1074 2143 1159 praebet

335 1181 396 1266 ἔρις
423 1187 495 1246 ante
523 1179 693 1263 ἐρίδματος,
721 1199 796 1244 curn
824 1199 923 1245 sensu
951 1189 1067 1261 careat,
1095 1199 1137 1245 ex
1163 1181 1218 1244 illo
1247 1181 1470 1264 duphcationis
1499 1182 1590 1266 signo
1618 1201 1733 1264 parum
1755 1186 1919 1266 perspecto
1944 1187 2049 1246 ortum
2073 1200 2143 1246 esse

336 1291 530 1370 existimem,
558 1293 595 1353 ut
617 1293 721 1352 toturn
744 1290 850 1371 potius
882 1305 1010 1350 versum
1039 1285 1131 1350 illum
1160 1287 1306 1371 strophae
1333 1293 1513 1353 extremum
1541 1288 1749 1372 repetendum
1778 1308 1847 1354 esse
1875 1273 2022 1353 censeam
2047 1307 2142 1372 qnam

336 1416 439 1461 unum
468 1393 627 1478 quoddam
656 1393 790 1459 verbum
819 1413 861 1458 ex
896 1392 1005 1458 eadem
1037 1412 1169 1476 prorsus
1201 1395 1336 1476 ratione,
1369 1413 1410 1458 ex
1434 1415 1498 1478 qna
1525 1396 1620 1459 etiarn
1652 1396 1686 1458 ‘m
1719 1401 1845 1459 nostrae
1876 1397 1985 1460 aetatis
2019 1414 2143 1479 compo-

335 1501 504 1570 sitionibus
536 1501 669 1564 musicis
701 1501 886 1584 saepissime
917 1498 1038 1563 facturn
1070 1518 1140 1564 esse
1171 1501 1273 1581 vides,
1305 1501 1332 1565 si
1361 1500 1439 1584 quid
1469 1501 1503 1564 in
1534 1501 1633 1565 totius
1664 1501 1809 1584 strophae
1836 1501 1899 1564 fine
1926 1521 2042 1586 magna
2069 1520 2141 1565 oum

334 1611 489 1696 gravitate
513 1608 682 1688 dioeretau,
709 1612 746 1670 ut
772 1606 806 1670 id
833 1606 1042 1688 repetendum
1069 1613 1193 1671 curaret
1221 1607 1271 1672 rel
1299 1608 1368 1690 ipse
1393 1611 1486 1692 poeta
1512 1608 1564 1673 vel
1592 1609 1620 1672 is
1648 1609 1705 1692 qui
1728 1608 1860 1672 carmini
1889 1609 2029 1672 musicas
2052 1615 2144 1670 notas

336 1716 463 1782 addidit.
508 1714 630 1778 Eadem
652 1732 703 1777 res
727 1719 775 1776 est
798 1711 837 1776 de
860 1711 970 1796 Eurip.
995 1711 1046 1776 Or.
1072 1714 1145 1796 330,
1168 1713 1225 1778 ubi
1247 1715 1282 1778 in
1304 1714 1364 1796 his,
1388 1734 1471 1798 quae
1494 1714 1676 1779 traduntur:

865 1817 1107 1881 transultare
1131 1818 1293 1901 δεξάμενος
1316 1820 1389 1882 άνοὶ
1414 1820 1573 1884 δάπεδον

866 1929 918 1986 ἵνα
941 1924 1140 2008 μεσόμφαλοι
1162 1929 1301 2008 λέγονται
1322 1931 1423 2009 μυχοί
1441 1933 1506 2010 μᾶς

335 2035 399 2099 ἀνά
422 2033 554 2098 δάπεδον
576 2037 634 2114 γᾶς
661 2034 939 2116 interpretamenta
966 2051 1036 2098 esse
1063 2033 1229 2098 Nauchius
1256 2036 1296 2100 ad
1319 2037 1348 2100 h.
1376 2037 1397 2100 l.
1425 2035 1604 2100 secundum
1627 2055 1741 2100 versus
1763 2033 1991 2118 respondentes
2015 2032 2143 2096 demon·

334 2145 460 2227 stravit,
487 2147 524 2206 nt
551 2159 659 2205 veram
686 2139 785 2204 hrisso
813 2141 911 2204 huius
934 2140 996 2205 loci
1022 2140 1190 2205 lectionem
1213 2142 1321 2207 videas
1349 2127 1445 2224 hanc:
1475 2142 1511 2203 δι.
1538 2140 1627 2204 ἔλακε
1656 2140 1832 2224 δεξάμενος,
1863 2144 1916 2202 ἵνα
1943 2137 2143 2221 μεσόμφαλοι

333 2254 472 2332 λέγονται
490 2249 600 2330 μυχοί,
623 2248 765 2330 itemque
785 2248 889 2312 statim
910 2247 950 2311 ab
967 2248 1059 2312 initio
1078 2248 1225 2333 strophae
1243 2247 1320 2312 Eur.
1337 2249 1457 2315 Phoen.
1476 2251 1541 2314 295
1560 2247 1635 2332 ἔβας
1652 2246 1727 2330 ἔβας
1745 2241 1887 2329 ὧχρόνῳ
1904 2252 1966 2329 μᾶν
1988 2245 2143 2328 πατρῴαν,

335 2357 391 2422 nbi
414 2357 545 2421 alterius
569 2353 644 2435 ἔβας
667 2353 773 2418 locum
797 2373 863 2418 non
887 2371 956 2417 esse
980 2371 1020 2416 ex
1038 2360 1140 2418 metro
1160 2354 1324 2420 bacchiaoo
1344 2363 1474 2442 apparet
1491 2357 1528 2422 oi.
1549 2355 1671 2420 Nauck.
1691 2354 1772 2420 stud.
1792 2354 1902 2438 Eurip.
1920 2354 1946 2418 Ι.
1970 2373 2000 2438 p.
2021 2353 2072 2418 36.
2093 2355 2144 2434 71,

334 2464 367 2528 id
393 2482 497 2548 genus
524 2461 592 2526 aha.
640 2459 728 2536 Quae
756 2479 830 2524 oum
854 2461 897 2522 ita
920 2461 998 2542 sint,
1026 2460 1098 2525 vide
1126 2481 1205 2525 num
1234 2463 1379 2528 scholion
1407 2463 1447 2528 ad
1470 2464 1556 2528 huno
1579 2463 1618 2527 de
1642 2482 1706 2547 quo
1730 2463 1834 2546 agitur
1856 2461 1972 2542 locum,
2000 2462 2027 2524 si
2050 2460 2143 2524 modo

333 2590 385 2635 res
409 2571 488 2634 tanti
515 2572 576 2648 eet,
603 2569 648 2631 ita
670 2566 812 2650 expleas:
841 2563 936 2626 πάλιν
962 2564 1005 2634 δὶς
1028 2566 1111 2628 εἶπεν
1133 2566 1168 2628 τὸ
1191 2571 1329 2632 ίπιλυσιν
1351 2569 1465 2656 [φόβου
1487 2567 1588 2657 δίδου]
1613 2572 1839 2651 τεταραγμένης
1861 2567 1891 2629 δέ
1916 2571 2021 2650 ψυχῆς
2043 2571 2142 2629 ταῦτα

335 2675 392 2752 ἥδη
416 2673 471 2738 καί
494 2673 657 2756 ἐμφάσεως
678 2672 780 2734 ἕνεκεν
796 2669 953 2754 λεγόμενα.

441 2781 601 2858 Quoniam
629 2781 799 2864 disputatio
827 2783 935 2843 nostra
961 2799 1018 2864 per
1045 2799 1156 2846 omues
1182 2780 1248 2847 fere
1274 2783 1389 2848 harum
1419 2785 1619 2868 stropharum
1644 2803 1757 2848 versus
1781 2784 1873 2867 quasi
1896 2783 1930 2846 in
1954 2781 2062 2848 orbem
2084 2782 2142 2844 ivit

334 2895 430 2974 atque
454 2909 490 2954 eo
512 2889 652 2970 revertit,
675 2886 761 2952 unde
780 2887 931 2969 strophioi
951 2905 1063 2952 versus
1080 2889 1210 2952 initium
1229 2891 1368 2974 capiunt,
1391 2895 1545 2973 superest,
1564 2895 1600 2955 ut
1619 2890 1657 2954 de
1674 2889 1822 2954 versibus
1843 2889 2015 2953 104-107
2035 2907 2141 2954 recen-

333 2996 442 3062 sendis
462 2996 613 3061 dicamus.
650 2995 759 3079 Atque
779 2992 947 3077 deprimis
966 2994 1096 3077 quidem
1115 2995 1261 3061 versibus
1281 2996 1350 3058 θεοὶ
1369 2994 1533 3076 πολιάοχοι
1551 3004 1583 3061 et
1601 2995 1640 3057 σό
1658 2996 1685 3056 τ’
1706 2989 1730 3057 ὧ
1750 2998 1896 3076 Διοχενές,
1926 2997 1982 3080 qui
2006 2993 2139 3058 dochmii

335 3103 417 3168 male
439 3105 522 3167 inter
541 3121 575 3166 se
594 3101 785 3184 respondere
809 3100 967 3181 videntur,
991 3121 1065 3165 oum
1089 3122 1207 3168 nornen
1229 3106 1393 3188 proprium
1418 3105 1452 3167 in
1471 3121 1605 3168 censum
1624 3105 1740 3185 veniat,
1764 3122 1828 3188 qno
1847 3101 2004 3168 eiusmodi
2026 3099 2138 3163 disere·

332 3212 441 3295 pantio
471 3209 542 3273 aliis
571 3226 701 3292 quoque
726 3208 760 3270 in
794 3206 994 3289 stropharum
1025 3208 1198 3293 generibus
1229 3217 1416 3294 excusatur,
1448 3229 1516 3275 rem
1542 3212 1577 3274 ln
1604 3210 1710 3275 medio
1742 3210 1922 3294 relinquere
1945 3225 2039 3292 quam
2062 3222 2134 3267 cum

333 3316 519 3381 Hermanno
546 3316 581 3378 in
609 3317 808 3393 πολισσοῦχοι
836 3319 893 3378 aut
921 3333 995 3378 oum
1018 3313 1184 3379 Dindorfio
1210 3318 1245 3380 in
1274 3318 1413 3398 πολίοχοι
1440 3322 1564 3381 mutare
1592 3316 1728 3382 verbum
1756 3317 1836 3381 illud
1860 3313 2029 3391 πολιάοχοι.
2052 3308 2136 3394 φοοδ

334 3431 366 3488 et
388 3424 506 3507 optima
528 3422 651 3485 ratione
673 3420 829 3485 formatur
852 3421 901 3502 (cf.
926 3421 1080 3497 πολιήτης,
1104 3426 1251 3484 πολιᾶται
1278 3423 1413 3504 similia)
1437 3429 1468 3487 et
1490 3422 1530 3487 ab
1552 3423 1655 3508 Apoll.
1678 3423 1780 3488 Rhod.
1804 3423 1831 3506 I,
1855 3424 1918 3487 312
1942 3419 2115 3485 adhibetur.

439 3528 595 3612 Rquuos
618 3533 725 3592 autem
750 3547 862 3592 versus
885 3548 997 3594 omnes
1021 3549 1118 3614 quam
1141 3531 1281 3595 maxime
1304 3531 1387 3594 inter
1409 3549 1444 3594 se
1467 3549 1641 3614 congruere
1664 3550 1761 3613 supra
1782 3532 1846 3595 iam
1870 3529 1947 3611 dixi,
1969 3527 2032 3592 nisi
2055 3522 2141 3610 quod

334 3656 413 3718 alter
439 3652 584 3736 strophae
611 3671 725 3717 versus
750 3651 879 3730 χθονὸς,
907 3654 946 3713 λι·
973 3657 1014 3715 ἴτε
1044 3653 1154 3722 πάντες
1180 3656 1200 3717 i.
1224 3674 1248 3720 e.
1274 3689 1306 3722 υ
1319 3644 1395 3726 rff'ts
1408 3643 1484 3726 ὣς]
1498 3705 1531 3714 -
1542 3643 1585 3738 ᾧ,
1605 3675 1701 3740 quem
1715 3655 1788 3720 vide
1803 3675 1900 3739 quarn
1911 3673 2009 3736 prave
2021 3652 2142 3716 ratione

335 3764 469 3829 scandas
498 3765 650 3844 oporteat,
677 3763 730 3825 cui
757 3761 838 3825 nihil
862 3768 910 3827 est
933 3763 1019 3846 quod
1041 3763 1228 3846 respondeat
1255 3765 1290 3827 in
1313 3767 1517 3851 antistropha,
1540 3765 1578 3830 ab
1600 3765 1763 3846 Aeschylo
1786 3763 1967 3828 abiudicare
1991 3780 2055 3826 non
2077 3761 2141 3822 iam

336 3869 540 3949 dubitaveris,
562 3869 746 3951 praesertim
770 3888 846 3933 cum
867 3869 958 3933 facile
975 3872 1157 3954 perspicias,
1180 3890 1245 3954 qua
1263 3891 1376 3936 caussa
1395 3871 1483 3936 ducti
1500 3874 1599 3937 istaec
1616 3873 1818 3938 inseruerint
1855 3870 2038 3934 Voluerunt
2055 3866 2139 3928 onim

334 3977 456 4042 hiatum
481 3974 599 4056 tollere,
627 3975 684 4057 qui
707 3980 756 4039 est
781 3976 864 4040 inter
891 3975 961 4038 ιλεοί
985 3976 1147 4056 πολιάοχοι
1174 3979 1360 4042 vocativum
1383 3984 1415 4042 et
1437 3976 1511 4038 ἴδετε
1536 3981 1702 4058 παρθένων
1723 3979 1947 4062 imperativum
1970 3971 2140 4054 legitimus·

440 4083 486 4148 Ut
506 4083 606 4166 igitur
629 4082 735 4144 omnia
757 4087 908 4167 repetam,
930 4085 1070 4167 primum
1094 4084 1297 4167 stropharum
1320 4105 1377 4169 par
1399 4103 1470 4149 mea
1493 4084 1622 4168 quidem
1647 4086 1805 4150 sententia
1826 4085 1886 4148 hoo
1907 4081 1971 4144 lare
1994 4081 2055 4140 est:

691 4185 811 4270 στροφή
1581 4191 1773 4274 άντιστροφή

425 4297 451 4358 l.
498 4295 567 4356 θεοὶ
590 4293 762 4374 πολιάοχοι,
786 4294 860 4356 ίδετε
885 4300 1051 4376 παρθένων
1294 4300 1321 4361 l.
1368 4296 1407 4359 σό
1431 4299 1470 4369 τ’,
1493 4290 1517 4358 ὦ
1537 4300 1674 4378 Διογενὲς
1697 4297 1876 4377 φιλόμαχον
1897 4289 2020 4373 κράτος,

498 4406 615 4464 ἱκέσιον
636 4399 731 4482 λόχον
753 4399 940 4470 δουλοσύνας
964 4401 1045 4485 ὕπερ.
1366 4405 1523 4487 ῥυσίπολις
1544 4408 1642 4486 γενοῦ,
1666 4401 1804 4473 Παλλάς,
1828 4399 1846 4463 ὅ
1868 4402 1902 4460 θ’
1929 4401 2032 4466 ’ίππιος

494 4513 582 4589 κῦμα
606 4507 674 4588 περί
697 4507 803 4570 πτόλιν
1368 4510 1562 4593 ποντομέδων
1584 4511 1674 4584 ἅναξ,

498 4613 701 4696 δοχμολόφων
723 4618 840 4698 ἀνέρων
862 4615 1011 4694 καχλάζει
1365 4618 1524 4700 ἰχθυβόλῳ
1544 4621 1689 4700 μαχανᾷ,
1713 4613 1879 4684 Ποσειδᾶν,

494 4721 593 4802 Ἄρεος
616 4721 747 4805 ὄρμενον
769 4725 886 4790 πνοαῖς.
1366 4728 1503 4787 indocta
1525 4724 1627 4808 φόβου
1648 4722 1740 4786 δίδου.

424 4832 452 4894 2.
499 4831 578 4899 ἀλλ’,
601 4822 625 4888 ὦ
649 4831 710 4892 Ζεῦ
733 4831 839 4913 πάτερ,
863 4833 1005 4897 παντελές
1027 4822 1051 4890 ὦ
1070 4834 1183 4902 τέλος,
1292 4835 1320 4896 2.
1366 4831 1407 4893 ori
1429 4834 1468 4904 τ’,
1484 4830 1584 4912 Ἅρης,
1608 4829 1696 4893 πόλιν
1719 4829 1855 4911 Κάδμου
1878 4827 2041 4908 ἐπώνυμον

499 4936 616 5018 ἄρηξον
637 4935 733 4997 δαίων
755 4936 877 4999 ἅλωσιν.
1365 4938 1504 5017 φύλαξον
1525 4937 1658 5014 κήδεσαί
1677 4939 1703 4998 τ’
1730 4939 1870 5018 ἐναργῶς.

425 5047 453 5108 3.
493 5043 623 5126 Ἀργέιοι
644 5041 706 5124 γάρ
730 5041 866 5126 πόλισμα
891 5043 1027 5126 Κάδμου
1295 5047 1322 5108 3.
1369 5044 1436 5106 Καὶ
1459 5045 1588 5126 Κύπρις,
1612 5043 1663 5105 άτ’
1688 5043 1723 5106 εἶ
1742 5048 1846 5125 γένους
1870 5040 2048 5126 προμάτωρ,

501 5152 698 5210 κυκλοῦνται.
721 5149 820 5232 φόβος
842 5151 868 5211 δ’
895 5151 1001 5240 ἀρῄων
1024 5151 1131 5214 ὅπλων.
1373 5152 1511 5214 ἄλευσον.
1534 5156 1627 5215 σέθεν
1649 5150 1718 5234 γὰρ
1741 5153 1772 5224 ἐξ
1794 5154 1928 5232 αἵματος
