4782 5920
1030 446 1187 452 ,ῌ-
1236 410 1275 471 18
1323 445 1479 454 --

351 603 414 666 τόν
437 597 528 684 ἦχον
551 605 626 670 τοῖς
649 605 738 667 ὠσίν
764 609 796 668 el
818 602 880 683 ἔχει
907 605 937 686 (i.
961 623 987 668 θ.
1011 607 1109 690 ἠχεῖ)
1132 603 1172 676 δέ,
1199 603 1288 684 φησὶ,
1315 603 1427 686 τρόπον
1451 609 1601 684 ποταμῶν
1629 603 1673 664 τά
1701 603 1806 666 πεδία
1836 609 1895 679 τῆς
1921 609 1985 684 γῆς
2010 628 2092 686 μου,
2115 607 2159 669 ita

350 717 435 776 recte
458 712 605 793 restituit,
629 717 666 776 ut
688 709 763 773 πεδί’
789 708 969 772 ὀπλόκτυπα
992 710 1172 775 subiectum
1195 713 1236 774 sit
1259 711 1309 792 (cf.
1334 710 1428 775 schol
1454 708 1492 770 τά
1517 709 1606 771 πεδία
1629 715 1682 786 τῆς
1704 715 1760 792 γῆς
1781 713 1858 796 μου)
1882 719 1913 775 et
1936 713 1974 776 ad
1993 714 2159 793 χρίμπτειν

350 825 382 885 et
404 819 443 882 ad
465 821 591 900 βρέμειν
617 816 767 898 verbum,
795 817 908 882 deinde
926 821 1115 898 χρίμπτεται
1138 819 1179 882 sit
1197 819 1331 899 χρίμπτε
1355 819 1407 876 τᾶι
1429 817 1449 879 i.
1473 836 1499 881 e.
1518 820 1667 899 χρίμπτει
1695 821 1735 892 τᾷ
1758 818 1810 898 (ad
1836 821 1912 900 βοᾷ)
1935 817 2034 882 forma
2056 821 2159 884 achra

350 926 398 1006 (of.
423 925 519 990 schol.
542 927 622 986 ποιεῖ
642 946 707 1004 μου
729 923 970 1005 προσπελάζειν),
993 931 1063 988 tum
1087 924 1246 988 obiectum
1270 925 1463 1008 adiungatur
1484 921 1567 1004 βοὰν
1589 923 1732 984 ποτανοὶν
1753 924 1804 989 rel
1828 923 1969 986 ποταιάν
1991 924 2041 1008 (cf.
2062 926 2157 990 schol.

350 1031 404 1094 τόν
425 1025 504 1112 ἦγον
531 1033 549 1094 i.
576 1049 600 1094 θ.
623 1028 719 1112 βοάν,
747 1049 813 1094 non
835 1033 924 1113 βοᾷ),
953 1017 1092 1115 denique
1120 1032 1154 1093 in
1184 1033 1254 1091 οστί
1273 1030 1368 1094 lateat
1394 1030 1451 1090 ἀτί
1471 1029 1523 1092 vel
1546 1031 1606 1090 ὠσί
1626 1030 1674 1109 (of.
1699 1031 1795 1094 schol.
1820 1033 1882 1099 τοῖς
1905 1032 1990 1112 ὠσίν)
2014 1033 2048 1096 in
2071 1033 2157 1096 hune

349 1139 496 1204 modum:

394 1245 469 1306 πεδί’
497 1242 662 1306 ὁπλόκτυπ’
688 1242 755 1330 ὠλτί
772 1247 934 1325 χρίμπτει
955 1242 1037 1325 βοάν
1052 1242 1065 1330 Η
1082 1243 1232 1314 ποτανάν,
1255 1245 1362 1326 βρέμει
1384 1241 1410 1302 δ’
1430 1241 1443 1329 Η
1460 1243 1622 1323 ἀμαχέτου
1644 1242 1736 1304 δίκαν
1754 1243 1758 1327 Ι
1782 1243 1890 1312 ύδατος
1914 1245 2073 1326 ὀροτύπου.

457 1351 572 1416 Contra
593 1350 850 1416 Heimsoethium
874 1350 965 1414 valde
989 1369 1111 1415 errasse
1133 1369 1264 1430 moneo,
1287 1351 1344 1433 qni
1367 1349 1479 1414 ultima
1503 1368 1631 1433 quoque
1654 1349 1750 1414 verba
1773 1370 1829 1434 pro
1855 1353 2012 1434 corruptis
2039 1351 2159 1432 habuit,

350 1461 466 1524 ductus
488 1457 643 1538 Hesychii
664 1457 781 1540 glossa,
804 1476 886 1540 quae
910 1462 970 1520 est:
996 1454 1148 1536 ὀροτύπου
1170 1455 1271 1530 δίκην·
1296 1454 1342 1516 ὀτι
1365 1463 1395 1516 οἱ
1413 1457 1562 1536 Γίγαντες
1585 1457 1784 1524 ἀποσπῶντες
1809 1455 1872 1517 ἀπό
1891 1461 1951 1516 τῶν
1970 1457 2049 1538 ὀρῶν
2070 1480 2158 1536 κορο-

348 1563 411 1644 φοὶς
429 1563 484 1626 καλ
508 1567 619 1645 πέτρας
642 1561 786 1645 iponem
809 1581 914 1646 neque
937 1563 1019 1626 hanc
1041 1563 1188 1628 mutilam
1213 1581 1282 1628 esse
1304 1564 1467 1647 perspexit
1489 1563 1785 1648 restituendamque
1804 1582 1873 1628 esse
1893 1565 1962 1628 sine
1981 1563 2077 1629 dubio
2097 1567 2156 1630 ita:

348 1671 501 1752 ὀροτύπου
524 1669 624 1746 δίκην·
644 1671 710 1754 [τοῦ
732 1668 788 1730 καὶ
812 1666 868 1750 ὄρη
891 1667 1064 1749 ῥηγνύντος.
1089 1669 1268 1751 ὀροτύπους·
1292 1668 1361 1738 τοός
1383 1669 1555 1754 γίγαντας]·
1579 1668 1625 1731 ότι
1648 1677 1678 1730 cl
1700 1673 1837 1750 γίγαντες
1860 1673 1921 1730 κτλ

455 1778 536 1843 Cum
559 1779 609 1841 his
631 1783 739 1841 autem
762 1777 879 1859 optime
902 1796 1075 1862 congruere
1098 1782 1235 1861 apparet
1260 1779 1317 1861 qui
1338 1778 1485 1861 proxime
1508 1778 1710 1860 antecedunt,
1732 1797 1846 1842 versus
1871 1783 2034 1860 quattuor:

392 1886 520 1967 αἰθερία
558 1882 642 1951 κόνις
661 1882 666 1966 Ι
685 1906 725 1965 με
754 1886 863 1944 πείθει
894 1886 1017 1961 (parfia
1036 1880 1049 1971 ll
1066 1882 1200 1951 ἄναυδος
1232 1883 1336 1960 σαφὴς
1352 1881 1365 1970 ΙΙ
1380 1880 1492 1963 ἔτυμος
1520 1881 1697 1964 ἀγγελοςυ·
1727 1883 1845 1968 quibus
1872 1884 2049 1968 applicatur
2075 1885 2155 1949 illud

347 1993 497 2074 έλέδεμας,
526 1989 612 2074 quod
634 1989 840 2056 Hermannus
867 2010 910 2055 err
938 1991 1054 2056 codicis
1078 1991 1212 2056 Medicei
1241 1992 1395 2075 scriptura
1417 1987 1559 2070 ἔλεδεμας
1582 1998 1613 2055 et
1636 2010 1676 2056 ex
1701 1991 1829 2056 scholiis
1852 1991 1873 2066 ἡ
1896 1989 1931 2051 τὸ
1950 1990 2045 2073 δέμας
2068 1992 2157 2074 ἡμῶν

347 2106 388 2176 τῷ
411 2099 499 2182 φόβῳ
525 2096 737 2179 λαμβάνουσα
765 2097 785 2172 ἢ
813 2097 1010 2180 ταράττουσα
1039 2105 1070 2162 et
1097 2096 1132 2158 τό
1159 2097 1254 2179 δέμας
1281 2095 1337 2158 καὶ
1365 2095 1400 2157 τό
1427 2101 1521 2178 σῶμα
1549 2098 1640 2177 ἡμῶν
1667 2103 1708 2174 τῷ
1738 2096 1827 2180 φόβῳ
1859 2097 2068 2180 λαμβάνουσα
2101 2098 2156 2159 καί

347 2209 561 2286 συσφίγγουσα
589 2203 644 2265 καὶ
672 2209 847 2284 κατέχουσα
876 2203 932 2266 καί
959 2203 1157 2282 ταράττουσα
1185 2201 1239 2264 καλ
1264 2204 1489 2284 περιδλίβουσα
1516 2205 1613 2285 uniit,
1641 2203 1802 2269 Seidlerus
1830 2206 1868 2269 ad
1896 2224 2007 2269 vocem
2031 2205 2157 2286 ἄγγελος

346 2316 503 2398 pertinere
531 2312 648 2392 voluit3
679 2312 765 2395 quod
793 2314 852 2377 etsi
885 2314 961 2376 satis
990 2312 1139 2376 audacter
1166 2311 1286 2373 dictum
1315 2309 1455 2390 ridetur,
1482 2315 1589 2373 tamen
1617 2330 1682 2375 non
1711 2311 1798 2374 omni
1828 2313 1949 2377 ratione
1972 2331 2076 2376 cerere
2099 2311 2156 2376 tibi

346 2440 535 2504 persuasum
570 2420 638 2500 erit,
670 2419 842 2483 dummodo
874 2420 960 2484 locos
994 2418 1148 2502 quosdam
1182 2415 1333 2496 conferas,
1367 2416 1478 2500 quales
1511 2423 1588 2480 sunt
1618 2419 1679 2501 Ag.
1708 2417 1771 2479 666
1806 2418 1844 2482 de
1872 2417 1995 2484 Helena
2026 2423 2156 2498 έλένσιος,

346 2525 497 2608 ἕλανδρος,
520 2529 677 2596 έλέπτολις,
696 2526 811 2589 Aesch.
831 2525 939 2610 Suppl.
960 2524 1022 2588 786
1047 2521 1162 2604 πατρὸς
1185 2521 1302 2584 σκοπαί
1325 2519 1359 2582 δέ
1377 2522 1414 2603 μ’
1439 2519 1529 2593 εἷλον,
1551 2522 1648 2587 Hom.
1669 2521 1725 2586 Od.
1747 2525 1798 2605 19,
1821 2526 1885 2587 471
1911 2529 1964 2606 ἐμὲ
1987 2525 2017 2588 δέ
2035 2525 2158 2609 χλωρόν

346 2633 412 2702 δέος
433 2633 501 2720 ᾔρει
524 2632 591 2697 coll.
614 2633 651 2697 ll.
678 2634 707 2716 7,
730 2634 803 2696 479.
837 2630 892 2696 Od.
919 2632 1043 2712 11,43.
1069 2630 1142 2692 633.
1173 2629 1283 2714 Eurip.
1302 2628 1416 2693 Bacch.
1441 2630 1504 2693 690
1529 2629 1724 2704 ὠλόλυξεν...
1752 2633 1783 2704 ἐξ
1807 2629 1903 2692 ύπνου
1930 2635 2026 2693 κινεῖν
2052 2632 2156 2714 δέμας,

346 2738 430 2802 Plut
454 2740 529 2802 Ant.
554 2741 595 2804 30
618 2742 685 2803 init.
710 2737 763 2800 τόν
787 2736 950 2801 Ἀντώνιον
972 2737 1111 2817 ἀγγελίαι
1133 2734 1187 2796 δύο
1210 2734 1526 2818 καταλαμβάνουσιν,
1554 2737 1650 2801 Hom.
1679 2737 1735 2802 Od.
1762 2739 1790 2819 l,
1816 2739 1877 2802 192
1906 2737 2050 2820 κάματος
2073 2738 2157 2801 κατά

346 2848 418 2925 γυῖα
446 2842 589 2931 λάβῃσιν,
617 2845 707 2910 Pind.
738 2844 784 2909 Ol.
810 2848 839 2927 1,
862 2844 903 2908 20
932 2843 1006 2906 σύτο
1035 2841 1130 2924 δέμας
1157 2843 1327 2916 ἀκέντητον
1352 2848 1385 2903 έν
1412 2842 1556 2924 δρόμοισι
1583 2846 1739 2922 παρέχων,
1765 2843 1797 2906 id
1826 2863 1929 2926 genus
1957 2846 2018 2909 alia
2045 2847 2155 2910 mulla.

346 2952 460 3036 Itaque
479 2973 674 3037 quamquam
693 2973 733 3017 ne
753 2954 799 3016 sic
818 2951 947 3035 quidem
967 2952 1074 3014 omnia
1092 2970 1168 3014 sana
1187 2967 1257 3013 esse
1276 2949 1374 3030 vides,
1397 2955 1504 3013 tamen
1523 2948 1789 3012 verisimillimum
1809 2967 1879 3012 esse
1902 2969 1967 3012 non
1990 2954 2155 3032 negaveris

346 3060 404 3123 has
430 3058 542 3124 breves
575 3059 713 3142 syllabas
747 3064 898 3143 quattuor
930 3057 968 3122 de
1001 3063 1070 3121 octo
1102 3055 1165 3119 illis
1199 3054 1329 3137 syllabis
1363 3073 1538 3138 superesse,
1571 3072 1652 3136 quae
1686 3053 1832 3117 dochmio
1861 3051 1971 3120 ὕδατος
2003 3054 2156 3132 ὀροτύπου

346 3167 587 3250 responderunt,
611 3169 677 3230 sire
697 3167 812 3246 ἀλγέων
829 3164 953 3246 ἄγγελος
975 3163 1116 3245 έλέδεμας
1134 3163 1283 3247 suppleas
1308 3163 1375 3226 sive
1398 3161 1494 3225 latere
1518 3159 1609 3224 malis
1633 3158 1728 3240 aliud,
1758 3158 1844 3242 quod
1868 3159 1946 3242 quid
1968 3158 2074 3240 fuerit,
2097 3179 2153 3242 pro

347 3281 431 3338 certo
455 3273 604 3338 affirmari
627 3293 692 3337 non
714 3277 826 3356 potest.

452 3380 560 3444 Prima
579 3381 717 3463 denique
735 3379 878 3443 membra
896 3381 1032 3460 θρέομαι
1052 3381 1056 3460 l
1077 3375 1198 3459 φοβερὰ
1214 3373 1323 3458 μεγάλ’
1351 3373 1422 3452 ἄχη.
1439 3371 1453 3460 ll
1468 3375 1612 3454 μεδεῑται
1632 3371 1761 3452 στρατός
1781 3370 1786 3453 Ι
1807 3370 2013 3453 στρατόπεδον
2030 3370 2154 3452 λιπώνῂ,

346 3488 392 3568 (az
423 3487 515 3554 πολύτ
539 3485 586 3547 ὅδε
614 3485 686 3554 λεὼς
705 3486 710 3569 Ι
731 3483 903 3567 πρόδρομοι
925 3483 1070 3556 ἱππότας,
1104 3502 1186 3569 quae
1219 3488 1275 3547 aut
1306 3481 1387 3545 nihil
1411 3479 1535 3562 habent,
1567 3481 1606 3544 ad
1636 3481 1722 3563 quod
1752 3478 1978 3562 respondeant,
2010 3479 2094 3540 sicut
2120 3479 2153 3539 in

346 3595 442 3658 altera
469 3595 524 3658 illa
550 3595 670 3679 proedo
698 3595 822 3676 primus
848 3612 962 3657 versus
992 3593 1070 3673 932,
1097 3597 1154 3654 ant
1181 3594 1410 3674 expectarem
1433 3607 1530 3668 more,
1558 3587 1591 3651 id
1620 3575 1706 3670 quod
1735 3587 1892 3650 sententia
1920 3584 2155 3668 quodammodo

347 3701 480 3766 suadere
508 3702 649 3782 videtur,
677 3706 749 3764 ante
777 3720 807 3764 υ.
831 3702 874 3764 83
902 3699 1073 3784 repetenda
1100 3703 1190 3779 sunt,
1219 3697 1325 3760 statim
1353 3694 1393 3759 ab
1420 3695 1510 3758 initio
1534 3693 1680 3758 mutilata
1702 3699 1733 3756 et
1755 3711 1813 3776 per
1836 3697 1987 3774 quattuor
2009 3691 2154 3754 brevium

347 3807 540 3890 syllabarum
564 3807 717 3871 vocabula
739 3791 916 3890 supplenda
939 3825 1009 3871 esse
1033 3804 1179 3887 (ὀρόμενα
1204 3805 1255 3868 rel
1279 3801 1408 3864 νεόκοτα
1426 3802 1478 3865 vel
1501 3800 1672 3880 πολύπονα)
1692 3801 1749 3883 qui
1767 3818 1808 3862 ex
1828 3798 1962 3882 abrupta
1980 3804 2154 3862 metrorum

345 3917 466 3980 radone
499 3915 618 3998 opinati
651 3919 740 3996 sunt,
771 3913 914 3996 Prienio,
945 3911 1117 3994 Dindorfio,
1149 3910 1326 3975 Biichelero
1360 3909 1508 3993 equidem
1541 3927 1606 3971 non
1640 3906 1804 3970 assentior.
1849 3905 1932 3968 Nam
1965 3907 1998 3968 iu
2031 3904 2154 3968 melicis

345 4027 510 4107 poetarum
535 4023 727 4105 tragicorum
751 4018 944 4084 carminibus
968 4019 1161 4103 principium
1185 4018 1385 4100 stropharum
1407 4016 1460 4079 vel
1483 4012 1688 4098 periodorum
1712 4031 1778 4074 non
1801 4011 1839 4074 ab
1858 4011 1995 4095 perlecto
2015 4011 2154 4094 quodam

345 4130 425 4214 pede
448 4130 531 4212 capi,
558 4129 613 4192 sed
641 4147 696 4211 per
719 4127 913 4207 anaornsim,
941 4145 1023 4209 quae
1046 4132 1095 4189 est
1117 4125 1156 4188 ad
1178 4124 1335 4207 reliquam
1358 4141 1566 4185 numerorum
1591 4119 1835 4183 concinnitatem
1860 4123 1945 4200 apta,
1973 4122 2037 4180 tarn
2062 4134 2154 4198 saepe

345 4236 596 4300 animadvertere
619 4235 704 4317 licet,
732 4241 769 4298 ut
791 4252 832 4296 ne
860 4233 920 4296 hoc
950 4232 1079 4316 quidem
1107 4232 1176 4295 loco
1206 4229 1340 4311 dubites,
1370 4230 1449 4312 quin
1476 4231 1667 4311 anapaestus
1688 4225 1742 4288 ille
1765 4227 1902 4304 θρέομαι
1926 4242 1982 4306 pro
2007 4223 2154 4286 arracrusi

345 4343 527 4407 dochmiaca
553 4343 597 4405 ita
624 4340 789 4406 habendus
818 4341 872 4421 sit,
901 4347 937 4403 ut
964 4344 1056 4402 antea
1083 4356 1140 4422 per
1163 4343 1315 4421 quattuor
1338 4354 1498 4399 morarum
1522 4334 1661 4416 spatium
1691 4332 1834 4410 sileatur,
1861 4330 1959 4413 idque
1983 4349 2019 4393 eo
2043 4329 2155 4410 magis,

345 4451 431 4535 quod
455 4450 565 4514 eadem
590 4450 726 4513 occurrit
747 4449 827 4511 ratio
850 4449 885 4510 in
908 4447 993 4510 tertii
1016 4463 1146 4528 quoque
1171 4444 1269 4507 huius
1292 4442 1417 4505 fabulae
1441 4443 1589 4505 carminis
1609 4439 1707 4520 initio,
1731 4436 1788 4524 ubi
1811 4438 1845 4500 in
1864 4436 2013 4520 strophae
2032 4436 2155 4498 ionicae

344 4558 498 4640 principio
536 4555 777 4639 amphibrachys
816 4553 877 4616 701
913 4556 1048 4632 πέφρικα
1081 4555 1153 4614 ante
1185 4548 1245 4610 τάν
1276 4545 1470 4634 ὠλεσίΙοινον
1502 4545 1592 4618 θεόν,
1613 4548 1617 4630 l
1638 4545 1675 4605 οὐ
1706 4547 1791 4612 θεοῖς
1825 4541 1958 4630 ὁλμοίαν
1991 4544 2154 4625 reperitur,

346 4683 427 4748 quae
450 4665 615 4726 anacrusis
639 4662 677 4725 ad
701 4662 836 4724 fonnem
859 4658 948 4743 pedis
972 4658 1169 4723 anaclcmcni
1193 4659 1250 4741 qui
1274 4657 1391 4720 dieitur
1413 4659 1517 4739 aptata
1541 4653 1676 4716 videtur.

453 4768 605 4832 Omnium
634 4775 739 4831 autem
768 4773 968 4852 postremum
997 4770 1058 4847 est,
1084 4769 1122 4829 ut
1149 4765 1188 4828 ad
1216 4764 1313 4828 huius
1341 4761 1453 4846 proodi
1475 4761 1572 4824 finem
1596 4763 1801 4823 revertamur.
1847 4755 2005 4820 Ibienim
2030 4755 2155 4836 siquis

345 4876 488 4961 singulas
507 4882 631 4939 tantum
651 4875 787 4956 syllabas
807 4873 1005 4957 spectaverit,
1028 4873 1057 4935 ei
1075 4891 1189 4936 versus
1208 4869 1366 4934 bacchiaci
1388 4870 1459 4932 100.
1481 4868 1541 4930 101
1567 4868 1599 4927 τί
1618 4867 1724 4946 ῥέξειςς
1748 4862 1921 4944 προδώσεις,
1938 4859 1952 4947 ΙΙ
1968 4861 2156 4938 παλαίχθων

347 4984 446 5064 Ἄρης,
478 4987 539 5064 γᾶν
571 4987 657 5052 ῐεᾶνι·
689 4982 845 5066 proximis
877 4973 901 5040 ὦ
929 4977 1131 5060 χρυσοπήληξ
1166 4977 1280 5058 δαῖμον
1300 4977 1304 5060 1
1324 4975 1401 5037 ἔπιδ’
1436 4973 1517 5038 ἔπιδε
1551 4971 1647 5044 πόλιν,
1668 4971 1673 5056 Ι
1694 4969 1735 5032 ἀν
1772 4971 1839 5031 ποτ’
1875 4967 2045 5046 εὐφιλήταν
2077 4964 2155 5027 ἔθου

344 5092 535 5176 respondere
559 5109 622 5153 non
646 5108 739 5173 posse
762 5087 966 5152 ridebuntur.
1003 5084 1116 5168 Neque
1140 5103 1215 5148 vero
1240 5086 1409 5168 quisquam
1441 5081 1572 5163 dubitat,
1596 5082 1674 5164 quin
1698 5083 1812 5143 neuter
1829 5078 1944 5140 horum
1961 5076 2085 5158 integer
2104 5075 2152 5136 sit.
