<?xml version="1.0" encoding="UTF-8"?>
<!DOCTYPE html PUBLIC "-//W3C//DTD XHTML 1.0 Transitional//EN"
    "http://www.w3.org/TR/xhtml1/DTD/xhtml1-transitional.dtd">
<html xmlns="http://www.w3.org/1999/xhtml" xml:lang="en" lang="en">
 <head>
  <title>
</title>
<meta http-equiv="Content-Type" content="text/html;charset=utf-8" />
  <meta name='ocr-system' content='tesseract 3.04.00' />
  <meta name='ocr-capabilities' content='ocr_page ocr_carea ocr_par ocr_line ocrx_word'/>
</head>
<body>
  <div class='ocr_page' id='page_1' title='image "./studiaaeschylea00klotgoog_0022.png"; bbox 0 0 4782 5920; ppageno 0'>
   <div class='ocr_carea' id='block_1_1' title="bbox 921 421 1372 483">
    <p class='ocr_par' dir='ltr' id='par_1_1' title="bbox 921 421 1372 483">
     <span class='ocr_line' id='line_1_1' title="bbox 921 421 1372 483; baseline 0 -17"><span class='ocrx_word' id='word_1_1' title='bbox 921 459 1045 466; x_wconf 57' lang='grc'>,-</span> <span class='ocrx_word' id='word_1_2' title='bbox 1062 459 1078 465; x_wconf 93' lang='grc'>-</span> <span class='ocrx_word' id='word_1_3' title='bbox 1129 421 1168 483; x_wconf 84' lang='lat'>15</span> <span class='ocrx_word' id='word_1_4' title='bbox 1214 459 1372 466; x_wconf 63' lang='grc'>,-.-.</span> 
     </span>
    </p>
   </div>
   <div class='ocr_carea' id='block_1_2' title="bbox 333 615 1907 1017">
    <p class='ocr_par' dir='ltr' id='par_1_2' title="bbox 407 615 1846 807">
     <span class='ocr_line' id='line_1_2' title="bbox 408 615 1846 700; baseline 0.001 -22"><span class='ocrx_word' id='word_1_5' title='bbox 408 617 461 678; x_wconf 83' lang='grc' dir='ltr'>διά</span> <span class='ocrx_word' id='word_1_6' title='bbox 489 616 523 678; x_wconf 76' lang='lat' dir='ltr'>tt</span> <span class='ocrx_word' id='word_1_7' title='bbox 543 640 590 677; x_wconf 89' lang='grc' dir='ltr'>τοι</span> <span class='ocrx_word' id='word_1_8' title='bbox 612 619 701 696; x_wconf 82' lang='grc' dir='ltr'><strong><em>γενῦν</em></strong></span> <span class='ocrx_word' id='word_1_9' title='bbox 725 615 905 700; x_wconf 83' lang='grc' dir='ltr'><strong><em>[ἄφατον]</em></strong></span> <span class='ocrx_word' id='word_1_10' title='bbox 929 616 1092 694; x_wconf 56' lang='lat' dir='ltr'>tuntum)</span> <span class='ocrx_word' id='word_1_11' title='bbox 1275 617 1451 697; x_wconf 82' lang='grc' dir='ltr'><em>γεγόναμεν.</em></span> <span class='ocrx_word' id='word_1_12' title='bbox 1474 621 1592 680; x_wconf 74' lang='grc' dir='ltr'><strong><em>λιταῖσί</em></strong></span> <span class='ocrx_word' id='word_1_13' title='bbox 1612 639 1645 680; x_wconf 88' lang='grc' dir='ltr'><strong><em>σε</em></strong></span> <span class='ocrx_word' id='word_1_14' title='bbox 1669 617 1846 686; x_wconf 75' lang='grc' dir='ltr'><strong><em>θεοκλύτοις</em></strong></span> 
     </span>
     <span class='ocr_line' id='line_1_3' title="bbox 407 721 1684 807; baseline 0.001 -21"><span class='ocrx_word' id='word_1_15' title='bbox 407 723 596 807; x_wconf 85' lang='grc' dir='ltr'><strong><em>μινόρονται</em></strong></span> <span class='ocrx_word' id='word_1_16' title='bbox 618 721 716 800; x_wconf 87' lang='grc' dir='ltr'><strong><em>φόνον</em></strong></span> <span class='ocrx_word' id='word_1_17' title='bbox 734 725 866 803; x_wconf 73' lang='grc' dir='ltr'><strong><em>χαλινοί</em></strong></span> <span class='ocrx_word' id='word_1_18' title='bbox 1278 725 1432 784; x_wconf 75' lang='grc' dir='ltr'><strong><em>ἀυτοῦσαι</em></strong></span> <span class='ocrx_word' id='word_1_19' title='bbox 1455 724 1684 806; x_wconf 75' lang='grc' dir='ltr'><strong><em>πελαζόμεσθα.</em></strong></span> 
     </span>
    </p>

    <p class='ocr_par' dir='ltr' id='par_1_3' title="bbox 333 829 1907 1017">
     <span class='ocr_line' id='line_1_4' title="bbox 333 829 1907 913; baseline 0.001 -21"><span class='ocrx_word' id='word_1_20' title='bbox 333 835 362 897; x_wconf 82' lang='grc'>4.</span> <span class='ocrx_word' id='word_1_21' title='bbox 407 830 486 892; x_wconf 74' lang='grc' dir='ltr'><strong><em>ἑπτά</em></strong></span> <span class='ocrx_word' id='word_1_22' title='bbox 510 829 535 889; x_wconf 81' lang='grc' dir='ltr'>δ’</span> <span class='ocrx_word' id='word_1_23' title='bbox 562 829 712 910; x_wconf 80' lang='grc' dir='ltr'><strong><em>ἀγάνορες</em></strong></span> <span class='ocrx_word' id='word_1_24' title='bbox 735 833 897 910; x_wconf 79' lang='grc' dir='ltr'><strong><em>πρέποντες</em></strong></span> <span class='ocrx_word' id='word_1_25' title='bbox 919 830 1055 908; x_wconf 81' lang='grc' dir='ltr'><strong><em>στρατοῦ</em></strong></span> <span class='ocrx_word' id='word_1_26' title='bbox 1202 832 1231 892; x_wconf 82' lang='grc'>4.</span> <span class='ocrx_word' id='word_1_27' title='bbox 1276 829 1331 892; x_wconf 79' lang='grc' dir='ltr'><strong><em>καὶ</em></strong></span> <span class='ocrx_word' id='word_1_28' title='bbox 1355 829 1404 901; x_wconf 77' lang='grc' dir='ltr'>σὺ,</span> <span class='ocrx_word' id='word_1_29' title='bbox 1427 830 1536 892; x_wconf 82' lang='grc' dir='ltr'><em>Λύκει’</em></span> <span class='ocrx_word' id='word_1_30' title='bbox 1563 830 1653 906; x_wconf 82' lang='grc' dir='ltr'><strong><em>ἄναξ,</em></strong></span> <span class='ocrx_word' id='word_1_31' title='bbox 1675 831 1795 900; x_wconf 85' lang='grc' dir='ltr'><strong><em>λόνειος</em></strong></span> <span class='ocrx_word' id='word_1_32' title='bbox 1817 835 1907 913; x_wconf 84' lang='grc' dir='ltr'><strong><em>γενοῦ</em></strong></span> 
     </span>
     <span class='ocr_line' id='line_1_5' title="bbox 410 936 1797 1017; baseline -0.004 -11"><span class='ocrx_word' id='word_1_33' title='bbox 410 971 622 1006; x_wconf 77' lang='grc' dir='ltr'><strong>υ--υ-</strong></span> <span class='ocrx_word' id='word_1_34' title='bbox 669 969 879 1004; x_wconf 72' lang='grc' dir='ltr'><strong>υ--υ-</strong></span> <span class='ocrx_word' id='word_1_35' title='bbox 1275 941 1396 1017; x_wconf 79' lang='grc' dir='ltr'><strong><em>στρατῷ</em></strong></span> <span class='ocrx_word' id='word_1_36' title='bbox 1415 936 1501 1012; x_wconf 76' lang='grc' dir='ltr'><strong><em>δαΐῳ,</em></strong></span> <span class='ocrx_word' id='word_1_37' title='bbox 1525 938 1642 1000; x_wconf 82' lang='grc' dir='ltr'><strong><em>στόνων</em></strong></span> <span class='ocrx_word' id='word_1_38' title='bbox 1663 941 1691 999; x_wconf 81' lang='grc' dir='ltr'><strong><em>τ’</em></strong></span> <span class='ocrx_word' id='word_1_39' title='bbox 1718 941 1797 1007; x_wconf 83' lang='grc' dir='ltr'><strong><em>άίτις</em></strong></span> 
     </span>
    </p>
   </div>
   <div class='ocr_carea' id='block_1_3' title="bbox 409 1037 1827 1126">
    <p class='ocr_par' dir='ltr' id='par_1_4' title="bbox 409 1037 1827 1126">
     <span class='ocr_line' id='line_1_6' title="bbox 409 1037 1827 1126; baseline 0 -21"><span class='ocrx_word' id='word_1_40' title='bbox 409 1086 443 1092; x_wconf 76' lang='lat'>-</span> <span class='ocrx_word' id='word_1_41' title='bbox 455 1080 486 1112; x_wconf 64' lang='lat' dir='ltr'>u</span> <span class='ocrx_word' id='word_1_42' title='bbox 499 1079 530 1112; x_wconf 56' lang='lat' dir='ltr'>a)</span> <span class='ocrx_word' id='word_1_43' title='bbox 542 1083 577 1090; x_wconf 86' lang='lat'>-</span> <span class='ocrx_word' id='word_1_44' title='bbox 588 1078 620 1112; x_wconf 65' lang='lat' dir='ltr'>u</span> <span class='ocrx_word' id='word_1_45' title='bbox 631 1081 666 1088; x_wconf 92' lang='lat'>—</span> <span class='ocrx_word' id='word_1_46' title='bbox 711 1042 869 1126; x_wconf 84' lang='grc' dir='ltr'><strong><em>όορυσόοις</em></strong></span> <span class='ocrx_word' id='word_1_47' title='bbox 892 1044 1004 1124; x_wconf 81' lang='grc' dir='ltr'><strong><em>σαγαῖς</em></strong></span> <span class='ocrx_word' id='word_1_48' title='bbox 1276 1047 1467 1124; x_wconf 76' lang='grc' dir='ltr'><strong><em>Λατογένεια</em></strong></span> <span class='ocrx_word' id='word_1_49' title='bbox 1491 1043 1547 1104; x_wconf 80' lang='grc' dir='ltr'><strong><em>καὶ</em></strong></span> <span class='ocrx_word' id='word_1_50' title='bbox 1570 1043 1686 1106; x_wconf 75' lang='grc' dir='ltr'><strong><em>Διόθεν</em></strong></span> <span class='ocrx_word' id='word_1_51' title='bbox 1708 1037 1732 1104; x_wconf 84' lang='grc' dir='ltr'><strong><em>ὦ</em></strong></span> <span class='ocrx_word' id='word_1_52' title='bbox 1751 1047 1827 1122; x_wconf 81' lang='grc' dir='ltr'><strong><em>φίλα</em></strong></span> 
     </span>
    </p>
   </div>
   <div class='ocr_carea' id='block_1_4' title="bbox 410 1149 1757 1234">
    <p class='ocr_par' dir='ltr' id='par_1_5' title="bbox 410 1149 1757 1234">
     <span class='ocr_line' id='line_1_7' title="bbox 410 1149 1757 1234; baseline 0 -22"><span class='ocrx_word' id='word_1_53' title='bbox 410 1155 635 1234; x_wconf 78' lang='grc' dir='ltr'><strong><em>προσίστανται</em></strong></span> <span class='ocrx_word' id='word_1_54' title='bbox 657 1149 746 1226; x_wconf 81' lang='grc' dir='ltr'><strong><em>πάλῳ</em></strong></span> <span class='ocrx_word' id='word_1_55' title='bbox 768 1149 919 1230; x_wconf 78' lang='grc' dir='ltr'><strong><em>λαχόντες.</em></strong></span> <span class='ocrx_word' id='word_1_56' title='bbox 1276 1149 1315 1212; x_wconf 81' lang='grc' dir='ltr'>σὺ</span> <span class='ocrx_word' id='word_1_57' title='bbox 1338 1149 1448 1231; x_wconf 78' lang='grc' dir='ltr'><strong><em>κούρα,</em></strong></span> <span class='ocrx_word' id='word_1_58' title='bbox 1472 1150 1560 1224; x_wconf 85' lang='grc' dir='ltr'><strong><em>τόξον</em></strong></span> <span class='ocrx_word' id='word_1_59' title='bbox 1581 1151 1757 1225; x_wconf 83' lang='grc' dir='ltr'><strong><em>εὐτυκάζου.</em></strong></span> 
     </span>
    </p>
   </div>
   <div class='ocr_carea' id='block_1_5' title="bbox 237 1273 2112 4883">
    <p class='ocr_par' dir='ltr' id='par_1_6' title="bbox 241 1273 2050 2000">
     <span class='ocr_line' id='line_1_8' title="bbox 351 1273 2050 1361; baseline 0.003 -23"><span class='ocrx_word' id='word_1_60' title='bbox 351 1279 379 1342; x_wconf 76' lang='grc'>4.</span> <span class='ocrx_word' id='word_1_61' title='bbox 404 1275 513 1340; x_wconf 88' lang='lat' dir='ltr'>Restat</span> <span class='ocrx_word' id='word_1_62' title='bbox 536 1277 622 1361; x_wconf 88' lang='lat' dir='ltr'>pn&#39;or</span> <span class='ocrx_word' id='word_1_63' title='bbox 644 1276 742 1340; x_wconf 85' lang='lat' dir='ltr'>huius</span> <span class='ocrx_word' id='word_1_64' title='bbox 766 1275 876 1358; x_wconf 83' lang='lat' dir='ltr'>parodi</span> <span class='ocrx_word' id='word_1_65' title='bbox 899 1295 972 1359; x_wconf 87' lang='lat' dir='ltr'>pars</span> <span class='ocrx_word' id='word_1_66' title='bbox 994 1274 1070 1338; x_wconf 90' lang='lat' dir='ltr'>inde</span> <span class='ocrx_word' id='word_1_67' title='bbox 1093 1273 1131 1338; x_wconf 88' lang='lat' dir='ltr'>ab</span> <span class='ocrx_word' id='word_1_68' title='bbox 1155 1295 1183 1340; x_wconf 93' lang='lat' dir='ltr'>v.</span> <span class='ocrx_word' id='word_1_69' title='bbox 1210 1276 1250 1338; x_wconf 80' lang='lat' dir='ltr'>ts</span> <span class='ocrx_word' id='word_1_70' title='bbox 1275 1276 1441 1359; x_wconf 87' lang='lat' dir='ltr'>usquead</span> <span class='ocrx_word' id='word_1_71' title='bbox 1466 1296 1494 1338; x_wconf 92' lang='lat' dir='ltr'>v.</span> <span class='ocrx_word' id='word_1_72' title='bbox 1522 1277 1592 1338; x_wconf 87' lang='grc'>104.</span> <span class='ocrx_word' id='word_1_73' title='bbox 1638 1275 1677 1339; x_wconf 91' lang='lat' dir='ltr'>Iu</span> <span class='ocrx_word' id='word_1_74' title='bbox 1701 1276 1750 1339; x_wconf 88' lang='lat' dir='ltr'>his</span> <span class='ocrx_word' id='word_1_75' title='bbox 1774 1277 1871 1360; x_wconf 90' lang='lat' dir='ltr'>igitur</span> <span class='ocrx_word' id='word_1_76' title='bbox 1893 1277 2050 1361; x_wconf 86' lang='lat' dir='ltr'>versibus,</span> 
     </span>
     <span class='ocr_line' id='line_1_9' title="bbox 245 1381 2050 1467; baseline 0.002 -23"><span class='ocrx_word' id='word_1_77' title='bbox 245 1389 281 1446; x_wconf 88' lang='lat' dir='ltr'>nt</span> <span class='ocrx_word' id='word_1_78' title='bbox 308 1387 546 1466; x_wconf 82' lang='lat' dir='ltr'>responsionem</span> <span class='ocrx_word' id='word_1_79' title='bbox 575 1382 834 1466; x_wconf 89' lang='lat' dir='ltr'>antistrophicam</span> <span class='ocrx_word' id='word_1_80' title='bbox 864 1382 1069 1446; x_wconf 73' lang='lat' dir='ltr'>enuclearent</span> <span class='ocrx_word' id='word_1_81' title='bbox 1096 1384 1305 1465; x_wconf 85' lang='lat' dir='ltr'>quantumvis</span> <span class='ocrx_word' id='word_1_82' title='bbox 1333 1381 1478 1464; x_wconf 85' lang='lat' dir='ltr'>Seidleri,</span> <span class='ocrx_word' id='word_1_83' title='bbox 1505 1381 1686 1463; x_wconf 88' lang='lat' dir='ltr'>Ritschelii,</span> <span class='ocrx_word' id='word_1_84' title='bbox 1713 1381 1840 1467; x_wconf 85' lang='lat' dir='ltr'>Eugeri,</span> <span class='ocrx_word' id='word_1_85' title='bbox 1867 1381 2050 1466; x_wconf 84' lang='lat' dir='ltr'>Lowinslrii,</span> 
     </span>
     <span class='ocr_line' id='line_1_10' title="bbox 244 1487 2049 1573; baseline 0.002 -21"><span class='ocrx_word' id='word_1_86' title='bbox 244 1488 599 1572; x_wconf 86' lang='lat' dir='ltr'>Prienii,Heimsoethii,</span> <span class='ocrx_word' id='word_1_87' title='bbox 609 1489 785 1570; x_wconf 87' lang='lat' dir='ltr'>Schmidtii,</span> <span class='ocrx_word' id='word_1_88' title='bbox 795 1487 959 1573; x_wconf 80' lang='lat' dir='ltr'>Meugern</span> <span class='ocrx_word' id='word_1_89' title='bbox 974 1489 1061 1552; x_wconf 92' lang='lat' dir='ltr'>omni</span> <span class='ocrx_word' id='word_1_90' title='bbox 1075 1490 1193 1552; x_wconf 89' lang='lat' dir='ltr'>virium</span> <span class='ocrx_word' id='word_1_91' title='bbox 1209 1489 1411 1554; x_wconf 83' lang='lat' dir='ltr'>contentione</span> <span class='ocrx_word' id='word_1_92' title='bbox 1429 1487 1643 1553; x_wconf 86' lang='lat' dir='ltr'>laboraverint</span> <span class='ocrx_word' id='word_1_93' title='bbox 1661 1495 1692 1553; x_wconf 89' lang='lat' dir='ltr'>et</span> <span class='ocrx_word' id='word_1_94' title='bbox 1706 1487 1924 1572; x_wconf 84' lang='lat' dir='ltr'>incubuerint,</span> <span class='ocrx_word' id='word_1_95' title='bbox 1943 1497 2049 1555; x_wconf 84' lang='lat' dir='ltr'>tamen</span> 
     </span>
     <span class='ocr_line' id='line_1_11' title="bbox 244 1594 2047 1680; baseline 0.002 -22"><span class='ocrx_word' id='word_1_96' title='bbox 244 1616 283 1660; x_wconf 92' lang='lat' dir='ltr'>ne</span> <span class='ocrx_word' id='word_1_97' title='bbox 305 1596 336 1659; x_wconf 93' lang='lat' dir='ltr'>id</span> <span class='ocrx_word' id='word_1_98' title='bbox 356 1595 485 1679; x_wconf 89' lang='lat' dir='ltr'>quidem</span> <span class='ocrx_word' id='word_1_99' title='bbox 505 1595 651 1661; x_wconf 84' lang='lat' dir='ltr'>effectum</span> <span class='ocrx_word' id='word_1_100' title='bbox 672 1601 729 1678; x_wconf 88' lang='lat' dir='ltr'>est,</span> <span class='ocrx_word' id='word_1_101' title='bbox 747 1600 784 1659; x_wconf 94' lang='lat' dir='ltr'>ut</span> <span class='ocrx_word' id='word_1_102' title='bbox 803 1615 872 1659; x_wconf 91' lang='lat' dir='ltr'>unu</span> <span class='ocrx_word' id='word_1_103' title='bbox 893 1614 952 1660; x_wconf 85' lang='lat' dir='ltr'>sex</span> <span class='ocrx_word' id='word_1_104' title='bbox 970 1594 1019 1658; x_wconf 90' lang='lat' dir='ltr'>his</span> <span class='ocrx_word' id='word_1_105' title='bbox 1039 1595 1129 1659; x_wconf 85' lang='lat' dir='ltr'>alteri</span> <span class='ocrx_word' id='word_1_106' title='bbox 1148 1595 1302 1679; x_wconf 84' lang='lat' dir='ltr'>probaret,</span> <span class='ocrx_word' id='word_1_107' title='bbox 1321 1615 1403 1680; x_wconf 90' lang='lat' dir='ltr'>quae</span> <span class='ocrx_word' id='word_1_108' title='bbox 1422 1595 1611 1679; x_wconf 84' lang='lat' dir='ltr'>protulisset.</span> <span class='ocrx_word' id='word_1_109' title='bbox 1649 1595 1731 1658; x_wconf 90' lang='lat' dir='ltr'>Nam</span> <span class='ocrx_word' id='word_1_110' title='bbox 1750 1595 1790 1659; x_wconf 86' lang='lat' dir='ltr'>ad</span> <span class='ocrx_word' id='word_1_111' title='bbox 1808 1597 2047 1680; x_wconf 81' lang='lat' dir='ltr'>responsionem</span> 
     </span>
     <span class='ocr_line' id='line_1_12' title="bbox 243 1700 2046 1787; baseline 0.001 -22"><span class='ocrx_word' id='word_1_112' title='bbox 243 1701 499 1787; x_wconf 82' lang='lat' dir='ltr'>qualemcunque</span> <span class='ocrx_word' id='word_1_113' title='bbox 531 1702 760 1767; x_wconf 87' lang='lat' dir='ltr'>restituendam</span> <span class='ocrx_word' id='word_1_114' title='bbox 788 1709 845 1766; x_wconf 87' lang='lat' dir='ltr'>aut</span> <span class='ocrx_word' id='word_1_115' title='bbox 874 1701 1047 1765; x_wconf 85' lang='lat' dir='ltr'>formarum</span> <span class='ocrx_word' id='word_1_116' title='bbox 1077 1701 1333 1766; x_wconf 88' lang='lat' dir='ltr'>dochmiacarum</span> <span class='ocrx_word' id='word_1_117' title='bbox 1367 1703 1607 1786; x_wconf 90' lang='lat' dir='ltr'>responsionem</span> <span class='ocrx_word' id='word_1_118' title='bbox 1641 1702 1838 1767; x_wconf 88' lang='lat' dir='ltr'>admiserunt</span> <span class='ocrx_word' id='word_1_119' title='bbox 1871 1700 2046 1766; x_wconf 88' lang='lat' dir='ltr'>liberiorem</span> 
     </span>
     <span class='ocr_line' id='line_1_13' title="bbox 241 1807 2050 1893; baseline 0.002 -23"><span class='ocrx_word' id='word_1_120' title='bbox 241 1813 296 1871; x_wconf 89' lang='lat' dir='ltr'>aut</span> <span class='ocrx_word' id='word_1_121' title='bbox 322 1807 417 1873; x_wconf 88' lang='lat' dir='ltr'>verba</span> <span class='ocrx_word' id='word_1_122' title='bbox 445 1829 624 1893; x_wconf 84' lang='lat' dir='ltr'>versusque</span> <span class='ocrx_word' id='word_1_123' title='bbox 652 1809 906 1872; x_wconf 84' lang='lat' dir='ltr'>immutaverunt</span> <span class='ocrx_word' id='word_1_124' title='bbox 933 1812 1198 1892; x_wconf 83' lang='lat' dir='ltr'>transposuerunt</span> <span class='ocrx_word' id='word_1_125' title='bbox 1229 1815 1390 1872; x_wconf 85' lang='lat' dir='ltr'>auxerunt</span> <span class='ocrx_word' id='word_1_126' title='bbox 1419 1808 1639 1873; x_wconf 88' lang='lat' dir='ltr'>diminuerunt</span> <span class='ocrx_word' id='word_1_127' title='bbox 1667 1809 1787 1872; x_wconf 77' lang='lat' dir='ltr'>maiore</span> <span class='ocrx_word' id='word_1_128' title='bbox 1810 1827 1885 1873; x_wconf 91' lang='lat' dir='ltr'>cum</span> <span class='ocrx_word' id='word_1_129' title='bbox 1908 1809 2050 1891; x_wconf 85' lang='lat' dir='ltr'>audacia,</span> 
     </span>
     <span class='ocr_line' id='line_1_14' title="bbox 241 1915 968 2000; baseline -0.004 -20"><span class='ocrx_word' id='word_1_130' title='bbox 241 1934 337 1996; x_wconf 86' lang='lat' dir='ltr'>quarn</span> <span class='ocrx_word' id='word_1_131' title='bbox 362 1921 398 1980; x_wconf 90' lang='lat' dir='ltr'>ut</span> <span class='ocrx_word' id='word_1_132' title='bbox 422 1915 486 1980; x_wconf 92' lang='lat' dir='ltr'>ulla</span> <span class='ocrx_word' id='word_1_133' title='bbox 509 1935 578 1980; x_wconf 87' lang='lat' dir='ltr'>esse</span> <span class='ocrx_word' id='word_1_134' title='bbox 600 1922 709 2000; x_wconf 88' lang='lat' dir='ltr'>posset</span> <span class='ocrx_word' id='word_1_135' title='bbox 731 1915 797 1979; x_wconf 88' lang='lat' dir='ltr'>veri</span> <span class='ocrx_word' id='word_1_136' title='bbox 822 1915 968 1998; x_wconf 88' lang='lat' dir='ltr'>suspicio.</span> 
     </span>
    </p>

    <p class='ocr_par' dir='ltr' id='par_1_7' title="bbox 237 2020 2112 4883">
     <span class='ocr_line' id='line_1_15' title="bbox 346 2020 2050 2106; baseline 0.002 -22"><span class='ocrx_word' id='word_1_137' title='bbox 346 2023 454 2106; x_wconf 85' lang='lat' dir='ltr'>Atque</span> <span class='ocrx_word' id='word_1_138' title='bbox 482 2025 559 2086; x_wconf 88' lang='lat' dir='ltr'>certi</span> <span class='ocrx_word' id='word_1_139' title='bbox 587 2022 714 2086; x_wconf 90' lang='lat' dir='ltr'>ordines</span> <span class='ocrx_word' id='word_1_140' title='bbox 743 2021 967 2086; x_wconf 83' lang='lat' dir='ltr'>ulloeometrici</span> <span class='ocrx_word' id='word_1_141' title='bbox 996 2041 1157 2106; x_wconf 85' lang='lat' dir='ltr'>nusquam</span> <span class='ocrx_word' id='word_1_142' title='bbox 1186 2027 1351 2106; x_wconf 78' lang='lat' dir='ltr'>apparent,</span> <span class='ocrx_word' id='word_1_143' title='bbox 1379 2023 1442 2086; x_wconf 89' lang='lat' dir='ltr'>nisi</span> <span class='ocrx_word' id='word_1_144' title='bbox 1470 2042 1520 2083; x_wconf 88' lang='lat' dir='ltr'>vv.</span> <span class='ocrx_word' id='word_1_145' title='bbox 1547 2023 1705 2085; x_wconf 88' lang='lat'>100.101</span> <span class='ocrx_word' id='word_1_146' title='bbox 1735 2020 1893 2086; x_wconf 85' lang='lat' dir='ltr'>bacchiaci</span> <span class='ocrx_word' id='word_1_147' title='bbox 1917 2022 2050 2088; x_wconf 91' lang='lat' dir='ltr'>dimeter</span> 
     </span>
     <span class='ocr_line' id='line_1_16' title="bbox 240 2125 2050 2213; baseline 0.001 -22"><span class='ocrx_word' id='word_1_148' title='bbox 240 2135 272 2191; x_wconf 90' lang='lat' dir='ltr'>et</span> <span class='ocrx_word' id='word_1_149' title='bbox 304 2129 444 2192; x_wconf 88' lang='lat' dir='ltr'>trimeter</span> <span class='ocrx_word' id='word_1_150' title='bbox 476 2129 527 2192; x_wconf 91' lang='lat' dir='ltr'>vel</span> <span class='ocrx_word' id='word_1_151' title='bbox 559 2129 654 2192; x_wconf 88' lang='lat' dir='ltr'>etiam</span> <span class='ocrx_word' id='word_1_152' title='bbox 687 2133 890 2210; x_wconf 85' lang='lat' dir='ltr'>pentameter,</span> <span class='ocrx_word' id='word_1_153' title='bbox 923 2149 1018 2213; x_wconf 89' lang='lat' dir='ltr'>quem</span> <span class='ocrx_word' id='word_1_154' title='bbox 1047 2125 1232 2194; x_wconf 79' lang='lat' dir='ltr'>Dindoriius</span> <span class='ocrx_word' id='word_1_155' title='bbox 1263 2127 1381 2192; x_wconf 85' lang='lat' dir='ltr'>frustra</span> <span class='ocrx_word' id='word_1_156' title='bbox 1411 2129 1445 2191; x_wconf 93' lang='lat' dir='ltr'>in</span> <span class='ocrx_word' id='word_1_157' title='bbox 1478 2129 1693 2211; x_wconf 87' lang='lat' dir='ltr'>suspicionem</span> <span class='ocrx_word' id='word_1_158' title='bbox 1721 2147 1833 2193; x_wconf 89' lang='lat' dir='ltr'>vocare</span> <span class='ocrx_word' id='word_1_159' title='bbox 1857 2129 1992 2194; x_wconf 87' lang='lat' dir='ltr'>studuit:</span> <span class='ocrx_word' id='word_1_160' title='bbox 2022 2131 2050 2192; x_wconf 80' lang='lat' dir='ltr'>rt</span> 
     </span>
     <span class='ocr_line' id='line_1_17' title="bbox 239 2231 2049 2322; baseline 0.003 -26"><span class='ocrx_word' id='word_1_161' title='bbox 239 2235 339 2317; x_wconf 76' lang='grc' dir='ltr'><strong><em>ῥέξεις,</em></strong></span> <span class='ocrx_word' id='word_1_162' title='bbox 352 2233 355 2321; x_wconf 85' lang='grc' dir='ltr'>Ι</span> <span class='ocrx_word' id='word_1_163' title='bbox 368 2233 541 2315; x_wconf 85' lang='grc' dir='ltr'><strong><em>προδώσεις,</em></strong></span> <span class='ocrx_word' id='word_1_164' title='bbox 556 2232 564 2321; x_wconf 59' lang='lat' dir='ltr'>J]</span> <span class='ocrx_word' id='word_1_165' title='bbox 579 2231 782 2321; x_wconf 64' lang='lat' dir='ltr'>uaiatpddmi</span> <span class='ocrx_word' id='word_1_166' title='bbox 797 2233 897 2317; x_wconf 82' lang='grc' dir='ltr'><strong><em>Ἄρης,</em></strong></span> <span class='ocrx_word' id='word_1_167' title='bbox 915 2233 991 2322; x_wconf 58' lang='grc' dir='ltr'><strong><em>γάνλ</em></strong></span> <span class='ocrx_word' id='word_1_168' title='bbox 1004 2233 1142 2314; x_wconf 53' lang='lat' dir='ltr'>radam)</span> <span class='ocrx_word' id='word_1_169' title='bbox 1162 2242 1194 2299; x_wconf 85' lang='lat' dir='ltr'>et</span> <span class='ocrx_word' id='word_1_170' title='bbox 1212 2237 1346 2300; x_wconf 80' lang='lat' dir='ltr'>trimetri</span> <span class='ocrx_word' id='word_1_171' title='bbox 1364 2234 1490 2299; x_wconf 77' lang='lat' dir='ltr'>iambici</span> <span class='ocrx_word' id='word_1_172' title='bbox 1508 2256 1538 2297; x_wconf 73' lang='lat' dir='ltr'>r.</span> <span class='ocrx_word' id='word_1_173' title='bbox 1560 2234 1600 2298; x_wconf 87' lang='grc'>96</span> <span class='ocrx_word' id='word_1_174' title='bbox 1620 2241 1653 2298; x_wconf 87' lang='lat' dir='ltr'>et</span> <span class='ocrx_word' id='word_1_175' title='bbox 1672 2235 1723 2312; x_wconf 83' lang='lat'>99,</span> <span class='ocrx_word' id='word_1_176' title='bbox 1743 2236 1798 2318; x_wconf 89' lang='lat' dir='ltr'>qui</span> <span class='ocrx_word' id='word_1_177' title='bbox 1815 2235 1901 2319; x_wconf 88' lang='lat' dir='ltr'>quod</span> <span class='ocrx_word' id='word_1_178' title='bbox 1915 2238 2049 2302; x_wconf 89' lang='lat' dir='ltr'>minimo</span> 
     </span>
     <span class='ocr_line' id='line_1_18' title="bbox 240 2340 2049 2427; baseline 0.001 -21"><span class='ocrx_word' id='word_1_179' title='bbox 240 2343 375 2406; x_wconf 90' lang='lat' dir='ltr'>trimetri</span> <span class='ocrx_word' id='word_1_180' title='bbox 398 2341 573 2406; x_wconf 88' lang='lat' dir='ltr'>dochmiaci</span> <span class='ocrx_word' id='word_1_181' title='bbox 595 2341 762 2406; x_wconf 86' lang='lat' dir='ltr'>intervallo</span> <span class='ocrx_word' id='word_1_182' title='bbox 791 2341 919 2426; x_wconf 87' lang='lat' dir='ltr'>distant,</span> <span class='ocrx_word' id='word_1_183' title='bbox 948 2361 989 2407; x_wconf 87' lang='lat' dir='ltr'>ex</span> <span class='ocrx_word' id='word_1_184' title='bbox 1016 2361 1053 2407; x_wconf 91' lang='lat' dir='ltr'>eo</span> <span class='ocrx_word' id='word_1_185' title='bbox 1083 2342 1158 2407; x_wconf 88' lang='lat' dir='ltr'>satis</span> <span class='ocrx_word' id='word_1_186' title='bbox 1187 2361 1348 2427; x_wconf 88' lang='lat' dir='ltr'>superque</span> <span class='ocrx_word' id='word_1_187' title='bbox 1376 2341 1501 2406; x_wconf 88' lang='lat' dir='ltr'>elucere</span> <span class='ocrx_word' id='word_1_188' title='bbox 1528 2340 1669 2424; x_wconf 88' lang='lat' dir='ltr'>arbitror,</span> <span class='ocrx_word' id='word_1_189' title='bbox 1696 2359 1749 2406; x_wconf 84' lang='lat' dir='ltr'>eas</span> <span class='ocrx_word' id='word_1_190' title='bbox 1777 2342 1938 2426; x_wconf 85' lang='lat' dir='ltr'>strophae,</span> <span class='ocrx_word' id='word_1_191' title='bbox 1966 2363 2049 2427; x_wconf 88' lang='lat' dir='ltr'>quae</span> 
     </span>
     <span class='ocr_line' id='line_1_19' title="bbox 239 2447 2049 2533; baseline 0.002 -21"><span class='ocrx_word' id='word_1_192' title='bbox 239 2467 296 2531; x_wconf 91' lang='lat' dir='ltr'>per</span> <span class='ocrx_word' id='word_1_193' title='bbox 323 2447 497 2532; x_wconf 85' lang='lat' dir='ltr'>longiorem</span> <span class='ocrx_word' id='word_1_194' title='bbox 524 2448 726 2532; x_wconf 88' lang='lat' dir='ltr'>periodorum</span> <span class='ocrx_word' id='word_1_195' title='bbox 755 2448 911 2514; x_wconf 89' lang='lat' dir='ltr'>ambitum</span> <span class='ocrx_word' id='word_1_196' title='bbox 941 2449 979 2513; x_wconf 87' lang='lat' dir='ltr'>ad</span> <span class='ocrx_word' id='word_1_197' title='bbox 1006 2449 1182 2533; x_wconf 84' lang='lat' dir='ltr'>perlectum</span> <span class='ocrx_word' id='word_1_198' title='bbox 1209 2448 1307 2513; x_wconf 88' lang='lat' dir='ltr'>finem</span> <span class='ocrx_word' id='word_1_199' title='bbox 1336 2448 1527 2530; x_wconf 89' lang='lat' dir='ltr'>decurrunt,</span> <span class='ocrx_word' id='word_1_200' title='bbox 1553 2449 1603 2512; x_wconf 91' lang='lat' dir='ltr'>his</span> <span class='ocrx_word' id='word_1_201' title='bbox 1632 2447 1776 2512; x_wconf 91' lang='lat' dir='ltr'>versibus</span> <span class='ocrx_word' id='word_1_202' title='bbox 1804 2449 1960 2513; x_wconf 88' lang='lat' dir='ltr'>contineri</span> <span class='ocrx_word' id='word_1_203' title='bbox 1982 2470 2049 2515; x_wconf 93' lang='lat' dir='ltr'>non</span> 
     </span>
     <span class='ocr_line' id='line_1_20' title="bbox 239 2552 2047 2641; baseline 0.003 -24"><span class='ocrx_word' id='word_1_204' title='bbox 239 2572 343 2637; x_wconf 89' lang='lat' dir='ltr'>posse.</span> <span class='ocrx_word' id='word_1_205' title='bbox 388 2553 501 2638; x_wconf 87' lang='lat' dir='ltr'>Itaque</span> <span class='ocrx_word' id='word_1_206' title='bbox 525 2573 607 2638; x_wconf 88' lang='lat' dir='ltr'>quae</span> <span class='ocrx_word' id='word_1_207' title='bbox 631 2552 669 2618; x_wconf 89' lang='lat' dir='ltr'>ab</span> <span class='ocrx_word' id='word_1_208' title='bbox 692 2575 721 2616; x_wconf 92' lang='lat' dir='ltr'>v.</span> <span class='ocrx_word' id='word_1_209' title='bbox 747 2556 788 2617; x_wconf 80' lang='lat' dir='ltr'>ts</span> <span class='ocrx_word' id='word_1_210' title='bbox 817 2556 857 2620; x_wconf 88' lang='lat' dir='ltr'>ad</span> <span class='ocrx_word' id='word_1_211' title='bbox 882 2556 945 2618; x_wconf 88' lang='grc'>104</span> <span class='ocrx_word' id='word_1_212' title='bbox 969 2556 1139 2620; x_wconf 83' lang='lat' dir='ltr'>traduntur</span> <span class='ocrx_word' id='word_1_213' title='bbox 1162 2557 1241 2640; x_wconf 91' lang='lat' dir='ltr'>quin</span> <span class='ocrx_word' id='word_1_214' title='bbox 1265 2557 1330 2620; x_wconf 91' lang='lat' dir='ltr'>sint</span> <span class='ocrx_word' id='word_1_215' title='bbox 1351 2575 1408 2641; x_wconf 89' lang='lat' dir='ltr'>pro</span> <span class='ocrx_word' id='word_1_216' title='bbox 1426 2555 1545 2635; x_wconf 80' lang='lat' dir='ltr'>proedo</span> <span class='ocrx_word' id='word_1_217' title='bbox 1569 2572 1652 2639; x_wconf 88' lang='lat' dir='ltr'>quae</span> <span class='ocrx_word' id='word_1_218' title='bbox 1671 2553 1796 2636; x_wconf 86' lang='lat' dir='ltr'>dicitur,</span> <span class='ocrx_word' id='word_1_219' title='bbox 1818 2555 1897 2618; x_wconf 90' lang='lat' dir='ltr'>mihi</span> <span class='ocrx_word' id='word_1_220' title='bbox 1917 2555 2047 2640; x_wconf 91' lang='lat' dir='ltr'>quidem</span> 
     </span>
     <span class='ocr_line' id='line_1_21' title="bbox 241 2658 2047 2747; baseline 0.004 -25"><span class='ocrx_word' id='word_1_221' title='bbox 241 2658 375 2724; x_wconf 90' lang='lat' dir='ltr'>dubium</span> <span class='ocrx_word' id='word_1_222' title='bbox 403 2680 473 2724; x_wconf 88' lang='lat' dir='ltr'>esse</span> <span class='ocrx_word' id='word_1_223' title='bbox 500 2680 679 2744; x_wconf 90' lang='lat' dir='ltr'>numquam</span> <span class='ocrx_word' id='word_1_224' title='bbox 705 2663 827 2744; x_wconf 84' lang='lat' dir='ltr'>peterit</span> <span class='ocrx_word' id='word_1_225' title='bbox 874 2661 983 2727; x_wconf 90' lang='lat' dir='ltr'>Huius</span> <span class='ocrx_word' id='word_1_226' title='bbox 1010 2668 1117 2727; x_wconf 89' lang='lat' dir='ltr'>autem</span> <span class='ocrx_word' id='word_1_227' title='bbox 1145 2663 1256 2747; x_wconf 92' lang='lat' dir='ltr'>proodi</span> <span class='ocrx_word' id='word_1_228' title='bbox 1283 2681 1365 2746; x_wconf 90' lang='lat' dir='ltr'>quae</span> <span class='ocrx_word' id='word_1_229' title='bbox 1393 2667 1478 2727; x_wconf 90' lang='lat' dir='ltr'>esset</span> <span class='ocrx_word' id='word_1_230' title='bbox 1499 2668 1626 2742; x_wconf 89' lang='lat' dir='ltr'>natura,</span> <span class='ocrx_word' id='word_1_231' title='bbox 1653 2661 1741 2725; x_wconf 87' lang='lat' dir='ltr'>solus</span> <span class='ocrx_word' id='word_1_232' title='bbox 1769 2659 1807 2724; x_wconf 88' lang='lat' dir='ltr'>R.</span> <span class='ocrx_word' id='word_1_233' title='bbox 1830 2660 2047 2747; x_wconf 87' lang='lat' dir='ltr'>Westphalius</span> 
     </span>
     <span class='ocr_line' id='line_1_22' title="bbox 241 2766 2047 2854; baseline 0.004 -26"><span class='ocrx_word' id='word_1_234' title='bbox 241 2766 398 2849; x_wconf 80' lang='lat' dir='ltr'>explicare</span> <span class='ocrx_word' id='word_1_235' title='bbox 432 2772 565 2832; x_wconf 85' lang='lat' dir='ltr'>conatus</span> <span class='ocrx_word' id='word_1_236' title='bbox 598 2774 654 2832; x_wconf 91' lang='lat' dir='ltr'>est.</span> <span class='ocrx_word' id='word_1_237' title='bbox 701 2768 733 2832; x_wconf 91' lang='lat' dir='ltr'>Is</span> <span class='ocrx_word' id='word_1_238' title='bbox 767 2770 852 2834; x_wconf 87' lang='lat' dir='ltr'>enirn</span> <span class='ocrx_word' id='word_1_239' title='bbox 884 2770 961 2834; x_wconf 88' lang='lat' dir='ltr'>haec</span> <span class='ocrx_word' id='word_1_240' title='bbox 989 2771 1096 2834; x_wconf 88' lang='lat' dir='ltr'>omnia</span> <span class='ocrx_word' id='word_1_241' title='bbox 1122 2770 1157 2833; x_wconf 93' lang='lat' dir='ltr'>in</span> <span class='ocrx_word' id='word_1_242' title='bbox 1184 2769 1331 2854; x_wconf 88' lang='lat' dir='ltr'>periodos</span> <span class='ocrx_word' id='word_1_243' title='bbox 1360 2768 1459 2832; x_wconf 91' lang='lat' dir='ltr'>dividi</span> <span class='ocrx_word' id='word_1_244' title='bbox 1486 2767 1590 2832; x_wconf 92' lang='lat' dir='ltr'>voluit</span> <span class='ocrx_word' id='word_1_245' title='bbox 1622 2787 1687 2831; x_wconf 92' lang='lat' dir='ltr'>non</span> <span class='ocrx_word' id='word_1_246' title='bbox 1711 2767 1961 2853; x_wconf 85' lang='lat' dir='ltr'>antistrophicas,</span> <span class='ocrx_word' id='word_1_247' title='bbox 1993 2771 2047 2836; x_wconf 89' lang='lat' dir='ltr'>sed</span> 
     </span>
     <span class='ocr_line' id='line_1_23' title="bbox 240 2874 2047 2961; baseline 0.003 -25"><span class='ocrx_word' id='word_1_248' title='bbox 240 2877 345 2937; x_wconf 88' lang='lat' dir='ltr'>tamen</span> <span class='ocrx_word' id='word_1_249' title='bbox 369 2874 517 2938; x_wconf 87' lang='lat' dir='ltr'>ordinum</span> <span class='ocrx_word' id='word_1_250' title='bbox 541 2893 675 2938; x_wconf 91' lang='lat' dir='ltr'>numero</span> <span class='ocrx_word' id='word_1_251' title='bbox 700 2881 731 2939; x_wconf 94' lang='lat' dir='ltr'>et</span> <span class='ocrx_word' id='word_1_252' title='bbox 755 2875 891 2959; x_wconf 89' lang='lat' dir='ltr'>quadam</span> <span class='ocrx_word' id='word_1_253' title='bbox 915 2894 1022 2940; x_wconf 90' lang='lat' dir='ltr'>rerum</span> <span class='ocrx_word' id='word_1_254' title='bbox 1046 2876 1283 2961; x_wconf 89' lang='lat' dir='ltr'>verborumque</span> <span class='ocrx_word' id='word_1_255' title='bbox 1306 2875 1514 2940; x_wconf 86' lang='lat' dir='ltr'>similitudine</span> <span class='ocrx_word' id='word_1_256' title='bbox 1532 2876 1614 2938; x_wconf 86' lang='lat' dir='ltr'>inter</span> <span class='ocrx_word' id='word_1_257' title='bbox 1633 2893 1666 2938; x_wconf 85' lang='lat' dir='ltr'>se</span> <span class='ocrx_word' id='word_1_258' title='bbox 1685 2879 1906 2958; x_wconf 84' lang='lat' dir='ltr'>congruentes.</span> <span class='ocrx_word' id='word_1_259' title='bbox 1944 2875 2047 2952; x_wconf 81' lang='lat' dir='ltr'>Quem</span> 
     </span>
     <span class='ocr_line' id='line_1_24' title="bbox 237 2977 2048 3066; baseline 0.003 -24"><span class='ocrx_word' id='word_1_260' title='bbox 237 2977 278 3042; x_wconf 89' lang='lat' dir='ltr'>H.</span> <span class='ocrx_word' id='word_1_261' title='bbox 306 2978 443 3046; x_wconf 89' lang='lat' dir='ltr'>Weilius</span> <span class='ocrx_word' id='word_1_262' title='bbox 470 2982 505 3045; x_wconf 93' lang='lat' dir='ltr'>iu</span> <span class='ocrx_word' id='word_1_263' title='bbox 533 2982 723 3045; x_wconf 89' lang='lat' dir='ltr'>universum</span> <span class='ocrx_word' id='word_1_264' title='bbox 752 2989 882 3047; x_wconf 90' lang='lat' dir='ltr'>secutus</span> <span class='ocrx_word' id='word_1_265' title='bbox 910 2983 994 3047; x_wconf 91' lang='lat' dir='ltr'>haud</span> <span class='ocrx_word' id='word_1_266' title='bbox 1023 2985 1067 3046; x_wconf 84' lang='lat' dir='ltr'>ita</span> <span class='ocrx_word' id='word_1_267' title='bbox 1094 2982 1197 3047; x_wconf 84' lang='lat' dir='ltr'>multa</span> <span class='ocrx_word' id='word_1_268' title='bbox 1224 2983 1314 3046; x_wconf 86' lang='lat' dir='ltr'>aliter</span> <span class='ocrx_word' id='word_1_269' title='bbox 1340 2981 1521 3046; x_wconf 86' lang='lat' dir='ltr'>adornanda</span> <span class='ocrx_word' id='word_1_270' title='bbox 1546 2983 1679 3066; x_wconf 81' lang='lat' dir='ltr'>putavit</span> <span class='ocrx_word' id='word_1_271' title='bbox 1730 2981 1844 3066; x_wconf 90' lang='lat' dir='ltr'>Neque</span> <span class='ocrx_word' id='word_1_272' title='bbox 1871 3001 1946 3047; x_wconf 88' lang='lat' dir='ltr'>vero</span> <span class='ocrx_word' id='word_1_273' title='bbox 1979 2983 2048 3066; x_wconf 92' lang='lat' dir='ltr'>hos,</span> 
     </span>
     <span class='ocr_line' id='line_1_25' title="bbox 238 3081 2047 3173; baseline 0.004 -27"><span class='ocrx_word' id='word_1_274' title='bbox 238 3105 312 3149; x_wconf 86' lang='lat' dir='ltr'>veru</span> <span class='ocrx_word' id='word_1_275' title='bbox 336 3107 419 3171; x_wconf 86' lang='lat' dir='ltr'>quae</span> <span class='ocrx_word' id='word_1_276' title='bbox 441 3088 538 3154; x_wconf 83' lang='lat' dir='ltr'>inerit</span> <span class='ocrx_word' id='word_1_277' title='bbox 560 3088 658 3152; x_wconf 91' lang='lat' dir='ltr'>huius</span> <span class='ocrx_word' id='word_1_278' title='bbox 681 3089 790 3173; x_wconf 91' lang='lat' dir='ltr'>proodi</span> <span class='ocrx_word' id='word_1_279' title='bbox 812 3095 936 3172; x_wconf 86' lang='lat' dir='ltr'>natura,</span> <span class='ocrx_word' id='word_1_280' title='bbox 959 3095 1145 3154; x_wconf 83' lang='lat' dir='ltr'>consecutos</span> <span class='ocrx_word' id='word_1_281' title='bbox 1169 3107 1292 3153; x_wconf 88' lang='lat' dir='ltr'>censeo.</span> <span class='ocrx_word' id='word_1_282' title='bbox 1338 3087 1496 3153; x_wconf 85' lang='lat' dir='ltr'>Putabant</span> <span class='ocrx_word' id='word_1_283' title='bbox 1519 3081 1604 3152; x_wconf 87' lang='lat' dir='ltr'>ellim</span> <span class='ocrx_word' id='word_1_284' title='bbox 1628 3107 1670 3152; x_wconf 81' lang='lat' dir='ltr'>ex</span> <span class='ocrx_word' id='word_1_285' title='bbox 1692 3089 1762 3171; x_wconf 89' lang='lat' dir='ltr'>ipsa</span> <span class='ocrx_word' id='word_1_286' title='bbox 1785 3089 1934 3153; x_wconf 90' lang='lat' dir='ltr'>carminis</span> <span class='ocrx_word' id='word_1_287' title='bbox 1962 3110 2047 3154; x_wconf 91' lang='lat' dir='ltr'>ccm-</span> 
     </span>
     <span class='ocr_line' id='line_1_26' title="bbox 237 3194 2044 3280; baseline 0.002 -23"><span class='ocrx_word' id='word_1_288' title='bbox 237 3195 394 3276; x_wconf 89' lang='lat' dir='ltr'>positione</span> <span class='ocrx_word' id='word_1_289' title='bbox 414 3203 531 3260; x_wconf 86' lang='lat' dir='ltr'>certam</span> <span class='ocrx_word' id='word_1_290' title='bbox 551 3194 601 3260; x_wconf 90' lang='lat' dir='ltr'>val</span> <span class='ocrx_word' id='word_1_291' title='bbox 618 3196 883 3261; x_wconf 88' lang='lat' dir='ltr'>verisimillimam</span> <span class='ocrx_word' id='word_1_292' title='bbox 902 3197 1158 3261; x_wconf 89' lang='lat' dir='ltr'>distributionem</span> <span class='ocrx_word' id='word_1_293' title='bbox 1174 3197 1267 3280; x_wconf 88' lang='lat' dir='ltr'>quasi</span> <span class='ocrx_word' id='word_1_294' title='bbox 1281 3216 1342 3260; x_wconf 88' lang='lat' dir='ltr'>sua</span> <span class='ocrx_word' id='word_1_295' title='bbox 1360 3201 1471 3279; x_wconf 89' lang='lat' dir='ltr'>sponte</span> <span class='ocrx_word' id='word_1_296' title='bbox 1489 3196 1589 3277; x_wconf 88' lang='lat' dir='ltr'>nasci,</span> <span class='ocrx_word' id='word_1_297' title='bbox 1608 3201 1644 3260; x_wconf 91' lang='lat' dir='ltr'>ut</span> <span class='ocrx_word' id='word_1_298' title='bbox 1663 3201 1775 3279; x_wconf 88' lang='lat' dir='ltr'>quater</span> <span class='ocrx_word' id='word_1_299' title='bbox 1787 3194 1864 3259; x_wconf 90' lang='lat' dir='ltr'>bina</span> <span class='ocrx_word' id='word_1_300' title='bbox 1882 3198 2044 3261; x_wconf 82' lang='lat' dir='ltr'>enuntiata</span> 
     </span>
     <span class='ocr_line' id='line_1_27' title="bbox 238 3301 2046 3388; baseline 0.001 -23"><span class='ocrx_word' id='word_1_301' title='bbox 238 3303 280 3364; x_wconf 88' lang='lat' dir='ltr'>ita</span> <span class='ocrx_word' id='word_1_302' title='bbox 307 3307 414 3366; x_wconf 89' lang='lat' dir='ltr'>essent</span> <span class='ocrx_word' id='word_1_303' title='bbox 442 3304 601 3386; x_wconf 81' lang='lat' dir='ltr'>opposita,</span> <span class='ocrx_word' id='word_1_304' title='bbox 628 3309 665 3366; x_wconf 93' lang='lat' dir='ltr'>ut</span> <span class='ocrx_word' id='word_1_305' title='bbox 692 3321 730 3368; x_wconf 90' lang='lat' dir='ltr'>aa</span> <span class='ocrx_word' id='word_1_306' title='bbox 757 3305 911 3388; x_wconf 90' lang='lat' dir='ltr'>oppositio</span> <span class='ocrx_word' id='word_1_307' title='bbox 939 3323 980 3369; x_wconf 86' lang='lat' dir='ltr'>ex</span> <span class='ocrx_word' id='word_1_308' title='bbox 1008 3303 1114 3368; x_wconf 85' lang='lat' dir='ltr'>verbis</span> <span class='ocrx_word' id='word_1_309' title='bbox 1139 3305 1218 3388; x_wconf 91' lang='lat' dir='ltr'>ipsis</span> <span class='ocrx_word' id='word_1_310' title='bbox 1246 3303 1393 3369; x_wconf 88' lang='lat' dir='ltr'>eluceret</span> <span class='ocrx_word' id='word_1_311' title='bbox 1439 3302 1521 3366; x_wconf 90' lang='lat' dir='ltr'>Nam</span> <span class='ocrx_word' id='word_1_312' title='bbox 1549 3306 1606 3365; x_wconf 90' lang='lat' dir='ltr'>aut</span> <span class='ocrx_word' id='word_1_313' title='bbox 1633 3303 1667 3365; x_wconf 89' lang='lat' dir='ltr'>in</span> <span class='ocrx_word' id='word_1_314' title='bbox 1695 3307 1832 3387; x_wconf 89' lang='lat' dir='ltr'>utroque</span> <span class='ocrx_word' id='word_1_315' title='bbox 1860 3301 1943 3367; x_wconf 89' lang='lat' dir='ltr'>idem</span> <span class='ocrx_word' id='word_1_316' title='bbox 1977 3321 2046 3367; x_wconf 87' lang='lat' dir='ltr'>esse</span> 
     </span>
     <span class='ocr_line' id='line_1_28' title="bbox 238 3406 2046 3494; baseline 0.004 -27"><span class='ocrx_word' id='word_1_317' title='bbox 238 3406 438 3488; x_wconf 86' lang='lat' dir='ltr'>vocabulum,</span> <span class='ocrx_word' id='word_1_318' title='bbox 457 3409 543 3491; x_wconf 91' lang='lat' dir='ltr'>quod</span> <span class='ocrx_word' id='word_1_319' title='bbox 561 3411 738 3474; x_wconf 79' lang='lat' dir='ltr'>maximum</span> <span class='ocrx_word' id='word_1_320' title='bbox 754 3413 928 3477; x_wconf 87' lang='lat' dir='ltr'>sententiae</span> <span class='ocrx_word' id='word_1_321' title='bbox 943 3411 1067 3494; x_wconf 87' lang='lat' dir='ltr'>pondus</span> <span class='ocrx_word' id='word_1_322' title='bbox 1087 3409 1224 3492; x_wconf 88' lang='lat' dir='ltr'>haberet,</span> <span class='ocrx_word' id='word_1_323' title='bbox 1243 3415 1298 3475; x_wconf 87' lang='lat' dir='ltr'>aut</span> <span class='ocrx_word' id='word_1_324' title='bbox 1315 3412 1351 3474; x_wconf 92' lang='lat' dir='ltr'>in</span> <span class='ocrx_word' id='word_1_325' title='bbox 1364 3410 1461 3474; x_wconf 89' lang='lat' dir='ltr'>altaro</span> <span class='ocrx_word' id='word_1_326' title='bbox 1476 3410 1582 3474; x_wconf 89' lang='lat' dir='ltr'>inesse</span> <span class='ocrx_word' id='word_1_327' title='bbox 1600 3410 1888 3493; x_wconf 86' lang='lat' dir='ltr'>interrogationem,</span> <span class='ocrx_word' id='word_1_328' title='bbox 1901 3411 1935 3472; x_wconf 92' lang='lat' dir='ltr'>in</span> <span class='ocrx_word' id='word_1_329' title='bbox 1949 3409 2046 3474; x_wconf 90' lang='lat' dir='ltr'>altero</span> 
     </span>
     <span class='ocr_line' id='line_1_29' title="bbox 240 3515 2047 3601; baseline 0.003 -26"><span class='ocrx_word' id='word_1_330' title='bbox 240 3515 491 3596; x_wconf 85' lang='lat' dir='ltr'>responsionem,</span> <span class='ocrx_word' id='word_1_331' title='bbox 517 3521 573 3578; x_wconf 90' lang='lat' dir='ltr'>aut</span> <span class='ocrx_word' id='word_1_332' title='bbox 596 3515 689 3579; x_wconf 89' lang='lat' dir='ltr'>aliam</span> <span class='ocrx_word' id='word_1_333' title='bbox 717 3517 751 3580; x_wconf 91' lang='lat' dir='ltr'>iu</span> <span class='ocrx_word' id='word_1_334' title='bbox 775 3519 821 3581; x_wconf 89' lang='lat' dir='ltr'>eis</span> <span class='ocrx_word' id='word_1_335' title='bbox 844 3519 930 3582; x_wconf 83' lang='lat' dir='ltr'>cerni</span> <span class='ocrx_word' id='word_1_336' title='bbox 953 3519 1207 3600; x_wconf 84' lang='lat' dir='ltr'>concinnitatem,</span> <span class='ocrx_word' id='word_1_337' title='bbox 1231 3519 1337 3581; x_wconf 89' lang='lat' dir='ltr'>omnia</span> <span class='ocrx_word' id='word_1_338' title='bbox 1359 3522 1466 3582; x_wconf 85' lang='lat' dir='ltr'>autam</span> <span class='ocrx_word' id='word_1_339' title='bbox 1491 3516 1530 3580; x_wconf 89' lang='lat' dir='ltr'>ad</span> <span class='ocrx_word' id='word_1_340' title='bbox 1554 3536 1622 3580; x_wconf 90' lang='lat' dir='ltr'>eam</span> <span class='ocrx_word' id='word_1_341' title='bbox 1646 3515 1747 3601; x_wconf 88' lang='lat' dir='ltr'>legem</span> <span class='ocrx_word' id='word_1_342' title='bbox 1772 3534 1843 3580; x_wconf 88' lang='lat' dir='ltr'>esse</span> <span class='ocrx_word' id='word_1_343' title='bbox 1865 3517 2047 3600; x_wconf 85' lang='lat' dir='ltr'>composita,</span> 
     </span>
     <span class='ocr_line' id='line_1_30' title="bbox 239 3623 2078 3707; baseline 0.002 -25"><span class='ocrx_word' id='word_1_344' title='bbox 239 3625 276 3683; x_wconf 92' lang='lat' dir='ltr'>ut</span> <span class='ocrx_word' id='word_1_345' title='bbox 308 3625 520 3702; x_wconf 87' lang='lat' dir='ltr'>congruerent</span> <span class='ocrx_word' id='word_1_346' title='bbox 552 3627 725 3702; x_wconf 83' lang='lat' dir='ltr'>systemata</span> <span class='ocrx_word' id='word_1_347' title='bbox 756 3623 807 3687; x_wconf 91' lang='lat' dir='ltr'>vel</span> <span class='ocrx_word' id='word_1_348' title='bbox 840 3642 954 3688; x_wconf 81' lang='lat' dir='ltr'>versus</span> <span class='ocrx_word' id='word_1_349' title='bbox 988 3643 1122 3688; x_wconf 91' lang='lat' dir='ltr'>numero</span> <span class='ocrx_word' id='word_1_350' title='bbox 1157 3623 1307 3688; x_wconf 89' lang='lat' dir='ltr'>ordinum</span> <span class='ocrx_word' id='word_1_351' title='bbox 1336 3625 1555 3705; x_wconf 87' lang='lat' dir='ltr'>metricorum,</span> <span class='ocrx_word' id='word_1_352' title='bbox 1587 3642 1653 3688; x_wconf 89' lang='lat' dir='ltr'>non</span> <span class='ocrx_word' id='word_1_353' title='bbox 1685 3627 1897 3707; x_wconf 88' lang='lat' dir='ltr'>congruerent</span> <span class='ocrx_word' id='word_1_354' title='bbox 1926 3623 2078 3706; x_wconf 66' lang='lat' dir='ltr'>pedum=</span> 
     </span>
     <span class='ocr_line' id='line_1_31' title="bbox 239 3711 2112 3815; baseline 0.002 -26"><span class='ocrx_word' id='word_1_355' title='bbox 239 3745 373 3790; x_wconf 89' lang='lat' dir='ltr'>numero</span> <span class='ocrx_word' id='word_1_356' title='bbox 398 3733 453 3791; x_wconf 86' lang='lat' dir='ltr'>aut</span> <span class='ocrx_word' id='word_1_357' title='bbox 479 3726 588 3791; x_wconf 84' lang='lat' dir='ltr'>forma.</span> <span class='ocrx_word' id='word_1_358' title='bbox 634 3726 806 3792; x_wconf 77' lang='lat' dir='ltr'>Enimvero</span> <span class='ocrx_word' id='word_1_359' title='bbox 829 3729 919 3811; x_wconf 88' lang='lat' dir='ltr'>haec,</span> <span class='ocrx_word' id='word_1_360' title='bbox 956 3749 1038 3814; x_wconf 89' lang='lat' dir='ltr'>quae</span> <span class='ocrx_word' id='word_1_361' title='bbox 1070 3729 1108 3794; x_wconf 87' lang='lat' dir='ltr'>ab</span> <span class='ocrx_word' id='word_1_362' title='bbox 1130 3729 1326 3814; x_wconf 88' lang='lat' dir='ltr'>Westphalio</span> <span class='ocrx_word' id='word_1_363' title='bbox 1355 3730 1515 3815; x_wconf 84' lang='lat' dir='ltr'>disputata</span> <span class='ocrx_word' id='word_1_364' title='bbox 1542 3737 1632 3811; x_wconf 88' lang='lat' dir='ltr'>sunt,</span> <span class='ocrx_word' id='word_1_365' title='bbox 1664 3731 1810 3793; x_wconf 89' lang='lat' dir='ltr'>omnium</span> <span class='ocrx_word' id='word_1_366' title='bbox 1837 3729 1982 3812; x_wconf 85' lang='lat' dir='ltr'>proxime</span> <span class='ocrx_word' id='word_1_367' title='bbox 2005 3729 2046 3792; x_wconf 90' lang='lat' dir='ltr'>ad</span> <span class='ocrx_word' id='word_1_368' title='bbox 2106 3711 2112 3732; x_wconf 79' lang='grc'><strong><em>’</em></strong></span> 
     </span>
     <span class='ocr_line' id='line_1_32' title="bbox 239 3834 2046 3921; baseline 0.003 -27"><span class='ocrx_word' id='word_1_369' title='bbox 239 3851 347 3896; x_wconf 88' lang='lat' dir='ltr'>veram</span> <span class='ocrx_word' id='word_1_370' title='bbox 370 3835 525 3899; x_wconf 91' lang='lat' dir='ltr'>rationem</span> <span class='ocrx_word' id='word_1_371' title='bbox 548 3834 694 3899; x_wconf 84' lang='lat' dir='ltr'>accedere</span> <span class='ocrx_word' id='word_1_372' title='bbox 717 3841 859 3920; x_wconf 82' lang='lat' dir='ltr'>apparet,</span> <span class='ocrx_word' id='word_1_373' title='bbox 882 3837 938 3901; x_wconf 91' lang='lat' dir='ltr'>sed</span> <span class='ocrx_word' id='word_1_374' title='bbox 961 3856 1002 3902; x_wconf 92' lang='lat' dir='ltr'>ne</span> <span class='ocrx_word' id='word_1_375' title='bbox 1025 3839 1053 3902; x_wconf 91' lang='lat' dir='ltr'>is</span> <span class='ocrx_word' id='word_1_376' title='bbox 1076 3837 1206 3921; x_wconf 91' lang='lat' dir='ltr'>quidem</span> <span class='ocrx_word' id='word_1_377' title='bbox 1229 3856 1297 3901; x_wconf 88' lang='lat' dir='ltr'>rem</span> <span class='ocrx_word' id='word_1_378' title='bbox 1320 3837 1359 3900; x_wconf 90' lang='lat' dir='ltr'>ad</span> <span class='ocrx_word' id='word_1_379' title='bbox 1383 3843 1506 3902; x_wconf 90' lang='lat' dir='ltr'>certum</span> <span class='ocrx_word' id='word_1_380' title='bbox 1529 3836 1625 3901; x_wconf 88' lang='lat' dir='ltr'>finem</span> <span class='ocrx_word' id='word_1_381' title='bbox 1648 3835 1809 3920; x_wconf 86' lang='lat' dir='ltr'>perduxit,</span> <span class='ocrx_word' id='word_1_382' title='bbox 1832 3837 1907 3919; x_wconf 88' lang='lat' dir='ltr'>quia</span> <span class='ocrx_word' id='word_1_383' title='bbox 1930 3836 1963 3898; x_wconf 89' lang='lat' dir='ltr'>in</span> <span class='ocrx_word' id='word_1_384' title='bbox 1987 3835 2046 3899; x_wconf 92' lang='lat' dir='ltr'>hoc</span> 
     </span>
     <span class='ocr_line' id='line_1_33' title="bbox 238 3942 2046 4029; baseline 0.001 -27"><span class='ocrx_word' id='word_1_385' title='bbox 238 3957 303 4003; x_wconf 93' lang='lat' dir='ltr'>uno</span> <span class='ocrx_word' id='word_1_386' title='bbox 334 3942 474 4006; x_wconf 86' lang='lat' dir='ltr'>carmine</span> <span class='ocrx_word' id='word_1_387' title='bbox 497 3943 658 4025; x_wconf 85' lang='lat' dir='ltr'>acquievit</span> <span class='ocrx_word' id='word_1_388' title='bbox 685 3943 891 4029; x_wconf 84' lang='lat' dir='ltr'>neglexitque</span> <span class='ocrx_word' id='word_1_389' title='bbox 918 3944 1012 4028; x_wconf 87' lang='lat' dir='ltr'>plane</span> <span class='ocrx_word' id='word_1_390' title='bbox 1039 3945 1173 4009; x_wconf 84' lang='lat' dir='ltr'>altarum</span> <span class='ocrx_word' id='word_1_391' title='bbox 1201 3945 1235 4007; x_wconf 89' lang='lat' dir='ltr'>in</span> <span class='ocrx_word' id='word_1_392' title='bbox 1261 3944 1321 4008; x_wconf 89' lang='lat' dir='ltr'>hac</span> <span class='ocrx_word' id='word_1_393' title='bbox 1346 3942 1453 4007; x_wconf 85' lang='lat' dir='ltr'>fabula</span> <span class='ocrx_word' id='word_1_394' title='bbox 1479 3943 1665 4027; x_wconf 82' lang='lat' dir='ltr'>exemplum</span> <span class='ocrx_word' id='word_1_395' title='bbox 1692 3942 1857 4026; x_wconf 92' lang='lat' dir='ltr'>proodicae</span> <span class='ocrx_word' id='word_1_396' title='bbox 1890 3944 2046 4024; x_wconf 89' lang='lat' dir='ltr'>composi-</span> 
     </span>
     <span class='ocr_line' id='line_1_34' title="bbox 237 4045 2044 4135; baseline 0.002 -27"><span class='ocrx_word' id='word_1_397' title='bbox 237 4045 331 4110; x_wconf 87' lang='lat' dir='ltr'>tionis</span> <span class='ocrx_word' id='word_1_398' title='bbox 359 4045 443 4130; x_wconf 87' lang='lat' dir='ltr'>Sept.</span> <span class='ocrx_word' id='word_1_399' title='bbox 474 4050 648 4113; x_wconf 84' lang='lat'>932-940</span> <span class='ocrx_word' id='word_1_400' title='bbox 677 4056 709 4116; x_wconf 92' lang='lat' dir='ltr'>et</span> <span class='ocrx_word' id='word_1_401' title='bbox 736 4052 884 4135; x_wconf 89' lang='lat' dir='ltr'>epodicae</span> <span class='ocrx_word' id='word_1_402' title='bbox 906 4050 979 4115; x_wconf 86' lang='lat' dir='ltr'>ibid.</span> <span class='ocrx_word' id='word_1_403' title='bbox 1009 4051 1192 4115; x_wconf 80' lang='grc'><strong>973-988.</strong></span> <span class='ocrx_word' id='word_1_404' title='bbox 1240 4049 1332 4126; x_wconf 81' lang='lat' dir='ltr'>Quod</span> <span class='ocrx_word' id='word_1_405' title='bbox 1356 4069 1482 4114; x_wconf 91' lang='lat' dir='ltr'>cannen</span> <span class='ocrx_word' id='word_1_406' title='bbox 1506 4049 1712 4114; x_wconf 89' lang='lat' dir='ltr'>amoebaeum</span> <span class='ocrx_word' id='word_1_407' title='bbox 1735 4050 1875 4115; x_wconf 87' lang='lat' dir='ltr'>multum</span> <span class='ocrx_word' id='word_1_408' title='bbox 1900 4047 2044 4114; x_wconf 85' lang='lat' dir='ltr'>valetud</span> 
     </span>
     <span class='ocr_line' id='line_1_35' title="bbox 237 4152 2045 4243; baseline 0.003 -28"><span class='ocrx_word' id='word_1_409' title='bbox 237 4171 315 4233; x_wconf 71' lang='lat' dir='ltr'>eam</span> <span class='ocrx_word' id='word_1_410' title='bbox 338 4152 378 4217; x_wconf 93' lang='lat' dir='ltr'>de</span> <span class='ocrx_word' id='word_1_411' title='bbox 401 4173 465 4236; x_wconf 88' lang='lat' dir='ltr'>qua</span> <span class='ocrx_word' id='word_1_412' title='bbox 488 4155 601 4238; x_wconf 85' lang='lat' dir='ltr'>agitur,</span> <span class='ocrx_word' id='word_1_413' title='bbox 624 4157 780 4240; x_wconf 91' lang='lat' dir='ltr'>proodum</span> <span class='ocrx_word' id='word_1_414' title='bbox 804 4158 1021 4242; x_wconf 81' lang='lat' dir='ltr'>explicandam</span> <span class='ocrx_word' id='word_1_415' title='bbox 1045 4165 1219 4243; x_wconf 83' lang='lat' dir='ltr'>propterea,</span> <span class='ocrx_word' id='word_1_416' title='bbox 1243 4157 1329 4242; x_wconf 94' lang='lat' dir='ltr'>quod</span> <span class='ocrx_word' id='word_1_417' title='bbox 1351 4155 1391 4221; x_wconf 92' lang='lat' dir='ltr'>ab</span> <span class='ocrx_word' id='word_1_418' title='bbox 1414 4154 1564 4220; x_wconf 90' lang='lat' dir='ltr'>omnibus</span> <span class='ocrx_word' id='word_1_419' title='bbox 1587 4163 1750 4240; x_wconf 86' lang='lat' dir='ltr'>perspecta</span> <span class='ocrx_word' id='word_1_420' title='bbox 1773 4157 1871 4220; x_wconf 89' lang='lat' dir='ltr'>huius</span> <span class='ocrx_word' id='word_1_421' title='bbox 1895 4158 2045 4221; x_wconf 87' lang='lat' dir='ltr'>carminis</span> 
     </span>
     <span class='ocr_line' id='line_1_36' title="bbox 237 4257 2045 4348; baseline 0.004 -27"><span class='ocrx_word' id='word_1_422' title='bbox 237 4257 314 4322; x_wconf 87' lang='lat' dir='ltr'>haec</span> <span class='ocrx_word' id='word_1_423' title='bbox 342 4259 394 4323; x_wconf 86' lang='lat' dir='ltr'>lex</span> <span class='ocrx_word' id='word_1_424' title='bbox 422 4266 483 4342; x_wconf 89' lang='lat' dir='ltr'>est,</span> <span class='ocrx_word' id='word_1_425' title='bbox 511 4267 548 4326; x_wconf 89' lang='lat' dir='ltr'>ut</span> <span class='ocrx_word' id='word_1_426' title='bbox 574 4282 632 4346; x_wconf 92' lang='lat' dir='ltr'>per</span> <span class='ocrx_word' id='word_1_427' title='bbox 658 4263 795 4329; x_wconf 84' lang='lat' dir='ltr'>alternas</span> <span class='ocrx_word' id='word_1_428' title='bbox 822 4267 908 4330; x_wconf 88' lang='lat' dir='ltr'>vices</span> <span class='ocrx_word' id='word_1_429' title='bbox 936 4263 974 4329; x_wconf 87' lang='lat' dir='ltr'>ab</span> <span class='ocrx_word' id='word_1_430' title='bbox 1003 4265 1165 4330; x_wconf 87' lang='lat' dir='ltr'>sororibus</span> <span class='ocrx_word' id='word_1_431' title='bbox 1189 4265 1350 4348; x_wconf 81' lang='lat' dir='ltr'>Antigona</span> <span class='ocrx_word' id='word_1_432' title='bbox 1377 4268 1409 4327; x_wconf 88' lang='lat' dir='ltr'>et</span> <span class='ocrx_word' id='word_1_433' title='bbox 1431 4263 1560 4327; x_wconf 85' lang='lat' dir='ltr'>Ismene</span> <span class='ocrx_word' id='word_1_434' title='bbox 1588 4263 1708 4348; x_wconf 89' lang='lat' dir='ltr'>singuli</span> <span class='ocrx_word' id='word_1_435' title='bbox 1736 4281 1849 4327; x_wconf 87' lang='lat' dir='ltr'>versus</span> <span class='ocrx_word' id='word_1_436' title='bbox 1872 4265 1930 4327; x_wconf 90' lang='lat' dir='ltr'>toti</span> <span class='ocrx_word' id='word_1_437' title='bbox 1954 4263 2045 4328; x_wconf 91' lang='lat' dir='ltr'>dimi·</span> 
     </span>
     <span class='ocr_line' id='line_1_37' title="bbox 237 4363 2045 4455; baseline 0.004 -29"><span class='ocrx_word' id='word_1_438' title='bbox 237 4363 353 4429; x_wconf 89' lang='lat' dir='ltr'>diative</span> <span class='ocrx_word' id='word_1_439' title='bbox 371 4377 526 4432; x_wconf 87' lang='lat' dir='ltr'>canantur</span> <span class='ocrx_word' id='word_1_440' title='bbox 543 4370 696 4434; x_wconf 66' lang='lat' dir='ltr'>sescenas</span> <span class='ocrx_word' id='word_1_441' title='bbox 718 4370 844 4450; x_wconf 82' lang='lat' dir='ltr'>similos,</span> <span class='ocrx_word' id='word_1_442' title='bbox 867 4392 1015 4436; x_wconf 60' lang='lat' dir='ltr'>menstra</span> <span class='ocrx_word' id='word_1_443' title='bbox 1028 4392 1135 4452; x_wconf 84' lang='lat' dir='ltr'>pares,</span> <span class='ocrx_word' id='word_1_444' title='bbox 1158 4372 1223 4436; x_wconf 87' lang='lat' dir='ltr'>nisi</span> <span class='ocrx_word' id='word_1_445' title='bbox 1247 4371 1332 4455; x_wconf 90' lang='lat' dir='ltr'>quod</span> <span class='ocrx_word' id='word_1_446' title='bbox 1356 4368 1395 4434; x_wconf 90' lang='lat' dir='ltr'>ab</span> <span class='ocrx_word' id='word_1_447' title='bbox 1417 4370 1476 4433; x_wconf 87' lang='lat' dir='ltr'>hac</span> <span class='ocrx_word' id='word_1_448' title='bbox 1499 4369 1569 4455; x_wconf 87' lang='lat' dir='ltr'>lege</span> <span class='ocrx_word' id='word_1_449' title='bbox 1592 4371 1720 4433; x_wconf 90' lang='lat' dir='ltr'>initium</span> <span class='ocrx_word' id='word_1_450' title='bbox 1744 4367 1925 4451; x_wconf 89' lang='lat' dir='ltr'>paullulum</span> <span class='ocrx_word' id='word_1_451' title='bbox 1945 4369 2045 4434; x_wconf 87' lang='lat' dir='ltr'>disce·</span> 
     </span>
     <span class='ocr_line' id='line_1_38' title="bbox 237 4472 2045 4561; baseline 0.003 -26"><span class='ocrx_word' id='word_1_452' title='bbox 237 4472 311 4536; x_wconf 89' lang='lat' dir='ltr'>dere</span> <span class='ocrx_word' id='word_1_453' title='bbox 335 4473 469 4556; x_wconf 90' lang='lat' dir='ltr'>videtur,</span> <span class='ocrx_word' id='word_1_454' title='bbox 492 4475 547 4540; x_wconf 90' lang='lat' dir='ltr'>ubi</span> <span class='ocrx_word' id='word_1_455' title='bbox 570 4479 704 4542; x_wconf 88' lang='lat' dir='ltr'>trimetri</span> <span class='ocrx_word' id='word_1_456' title='bbox 727 4477 855 4542; x_wconf 92' lang='lat' dir='ltr'>iambici</span> <span class='ocrx_word' id='word_1_457' title='bbox 878 4477 947 4541; x_wconf 87' lang='lat' dir='ltr'>cola</span> <span class='ocrx_word' id='word_1_458' title='bbox 970 4497 1051 4561; x_wconf 89' lang='lat' dir='ltr'>quae</span> <span class='ocrx_word' id='word_1_459' title='bbox 1074 4479 1107 4541; x_wconf 93' lang='lat' dir='ltr'>in</span> <span class='ocrx_word' id='word_1_460' title='bbox 1132 4477 1274 4544; x_wconf 88' lang='lat' dir='ltr'>Mediceo</span> <span class='ocrx_word' id='word_1_461' title='bbox 1298 4477 1482 4559; x_wconf 83' lang='lat' dir='ltr'>traduntur,</span> <span class='ocrx_word' id='word_1_462' title='bbox 1511 4495 1593 4561; x_wconf 88' lang='lat' dir='ltr'>quae</span> <span class='ocrx_word' id='word_1_463' title='bbox 1621 4479 1705 4540; x_wconf 90' lang='lat' dir='ltr'>inter</span> <span class='ocrx_word' id='word_1_464' title='bbox 1732 4494 1854 4540; x_wconf 88' lang='lat' dir='ltr'>sorores</span> <span class='ocrx_word' id='word_1_465' title='bbox 1881 4476 2045 4559; x_wconf 88' lang='lat' dir='ltr'>partienda</span> 
     </span>
     <span class='ocr_line' id='line_1_39' title="bbox 238 4580 2046 4672; baseline 0.003 -30"><span class='ocrx_word' id='word_1_466' title='bbox 238 4585 313 4643; x_wconf 89' lang='lat' dir='ltr'>sunt</span> <span class='ocrx_word' id='word_1_467' title='bbox 340 4581 486 4650; x_wconf 69' lang='grc' dir='ltr'><strong><em>παισθεὶς</em></strong></span> <span class='ocrx_word' id='word_1_468' title='bbox 512 4580 652 4651; x_wconf 76' lang='grc' dir='ltr'><strong><em>ἔπαισας.</em></strong></span> <span class='ocrx_word' id='word_1_469' title='bbox 668 4581 682 4672; x_wconf 85' lang='grc' dir='ltr'>ΙΙ</span> <span class='ocrx_word' id='word_1_470' title='bbox 697 4583 737 4646; x_wconf 77' lang='grc' dir='ltr'>σὺ</span> <span class='ocrx_word' id='word_1_471' title='bbox 765 4583 791 4645; x_wconf 82' lang='grc' dir='ltr'>δ’</span> <span class='ocrx_word' id='word_1_472' title='bbox 821 4584 935 4652; x_wconf 77' lang='grc' dir='ltr'><strong><em>ἔθανες</em></strong></span> <span class='ocrx_word' id='word_1_473' title='bbox 961 4583 1177 4656; x_wconf 83' lang='grc' dir='ltr'><strong><em>κατακτανών,</em></strong></span> <span class='ocrx_word' id='word_1_474' title='bbox 1206 4584 1244 4649; x_wconf 89' lang='lat' dir='ltr'>ab</span> <span class='ocrx_word' id='word_1_475' title='bbox 1267 4585 1469 4649; x_wconf 84' lang='lat' dir='ltr'>Lachmanno</span> <span class='ocrx_word' id='word_1_476' title='bbox 1497 4583 1632 4667; x_wconf 87' lang='lat' dir='ltr'>aliisque</span> <span class='ocrx_word' id='word_1_477' title='bbox 1655 4583 1693 4646; x_wconf 88' lang='lat' dir='ltr'>ad</span> <span class='ocrx_word' id='word_1_478' title='bbox 1722 4584 1875 4646; x_wconf 87' lang='lat' dir='ltr'>maiorem</span> <span class='ocrx_word' id='word_1_479' title='bbox 1900 4588 2046 4647; x_wconf 86' lang='lat' dir='ltr'>revocata</span> 
     </span>
     <span class='ocr_line' id='line_1_40' title="bbox 238 4686 2044 4778; baseline 0 -28"><span class='ocrx_word' id='word_1_480' title='bbox 238 4692 313 4752; x_wconf 90' lang='lat' dir='ltr'>sunt</span> <span class='ocrx_word' id='word_1_481' title='bbox 335 4686 590 4772; x_wconf 85' lang='lat' dir='ltr'>aequabilitatem</span> <span class='ocrx_word' id='word_1_482' title='bbox 613 4711 678 4755; x_wconf 89' lang='lat' dir='ltr'>non</span> <span class='ocrx_word' id='word_1_483' title='bbox 701 4693 770 4755; x_wconf 87' lang='lat' dir='ltr'>sine</span> <span class='ocrx_word' id='word_1_484' title='bbox 794 4692 903 4776; x_wconf 88' lang='lat' dir='ltr'>aliqua</span> <span class='ocrx_word' id='word_1_485' title='bbox 925 4694 992 4758; x_wconf 89' lang='lat' dir='ltr'>veri</span> <span class='ocrx_word' id='word_1_486' title='bbox 1016 4694 1120 4778; x_wconf 88' lang='lat' dir='ltr'>specie</span> <span class='ocrx_word' id='word_1_487' title='bbox 1142 4694 1175 4756; x_wconf 89' lang='lat' dir='ltr'>in</span> <span class='ocrx_word' id='word_1_488' title='bbox 1200 4693 1286 4756; x_wconf 90' lang='lat' dir='ltr'>hunc</span> <span class='ocrx_word' id='word_1_489' title='bbox 1310 4691 1456 4756; x_wconf 91' lang='lat' dir='ltr'>modum:</span> <span class='ocrx_word' id='word_1_490' title='bbox 1482 4689 1627 4758; x_wconf 76' lang='grc' dir='ltr'><strong><em>παισθεὶς</em></strong></span> <span class='ocrx_word' id='word_1_491' title='bbox 1645 4689 1784 4757; x_wconf 79' lang='grc' dir='ltr'><strong><em>ἔπαισας.</em></strong></span> <span class='ocrx_word' id='word_1_492' title='bbox 1801 4686 1815 4776; x_wconf 78' lang='grc' dir='ltr'>ΙΙ</span> <span class='ocrx_word' id='word_1_493' title='bbox 1830 4688 1927 4756; x_wconf 77' lang='grc' dir='ltr'><strong><em>θάνες</em></strong></span> <span class='ocrx_word' id='word_1_494' title='bbox 1950 4713 2044 4750; x_wconf 76' lang='grc' dir='ltr'><strong><em>κατα·</em></strong></span> 
     </span>
     <span class='ocr_line' id='line_1_41' title="bbox 238 4793 2044 4883; baseline 0 -22"><span class='ocrx_word' id='word_1_495' title='bbox 238 4793 319 4861; x_wconf 62' lang='lat' dir='ltr'>arole.</span> <span class='ocrx_word' id='word_1_496' title='bbox 342 4831 384 4841; x_wconf 91' lang='lat'><em>-</em></span> <span class='ocrx_word' id='word_1_497' title='bbox 409 4793 492 4872; x_wconf 85' lang='lat' dir='ltr'>Quid</span> <span class='ocrx_word' id='word_1_498' title='bbox 524 4796 623 4878; x_wconf 90' lang='lat' dir='ltr'>igitur</span> <span class='ocrx_word' id='word_1_499' title='bbox 654 4807 800 4883; x_wconf 87' lang='lat' dir='ltr'>superest</span> <span class='ocrx_word' id='word_1_500' title='bbox 832 4801 893 4864; x_wconf 91' lang='lat' dir='ltr'>nisi</span> <span class='ocrx_word' id='word_1_501' title='bbox 922 4806 959 4864; x_wconf 92' lang='lat' dir='ltr'>ut</span> <span class='ocrx_word' id='word_1_502' title='bbox 987 4800 1025 4864; x_wconf 93' lang='lat' dir='ltr'>ad</span> <span class='ocrx_word' id='word_1_503' title='bbox 1054 4819 1124 4864; x_wconf 89' lang='lat' dir='ltr'>eam</span> <span class='ocrx_word' id='word_1_504' title='bbox 1151 4800 1321 4881; x_wconf 89' lang='lat' dir='ltr'>rationem,</span> <span class='ocrx_word' id='word_1_505' title='bbox 1350 4818 1432 4882; x_wconf 88' lang='lat' dir='ltr'>quae</span> <span class='ocrx_word' id='word_1_506' title='bbox 1460 4800 1490 4861; x_wconf 91' lang='lat' dir='ltr'>in</span> <span class='ocrx_word' id='word_1_507' title='bbox 1521 4797 1618 4860; x_wconf 88' lang='lat' dir='ltr'>altera</span> <span class='ocrx_word' id='word_1_508' title='bbox 1647 4797 1744 4862; x_wconf 91' lang='lat' dir='ltr'>huius</span> <span class='ocrx_word' id='word_1_509' title='bbox 1772 4796 1898 4862; x_wconf 84' lang='lat' dir='ltr'>fabulae</span> <span class='ocrx_word' id='word_1_510' title='bbox 1926 4797 2044 4881; x_wconf 88' lang='lat' dir='ltr'>pioodo</span> 
     </span>
    </p>
   </div>
   <div class='ocr_carea' id='block_1_6' title="bbox 236 5024 2043 5186">
    <p class='ocr_par' dir='ltr' id='par_1_8' title="bbox 236 5024 2043 5186">
     <span class='ocr_line' id='line_1_42' title="bbox 343 5024 2043 5102; baseline 0.002 -22"><span class='ocrx_word' id='word_1_511' title='bbox 343 5025 387 5094; x_wconf 83' lang='grc'>30)</span> <span class='ocrx_word' id='word_1_512' title='bbox 406 5024 510 5084; x_wconf 69' lang='grc' dir='ltr'><strong><em>ἄφατον</em></strong></span> <span class='ocrx_word' id='word_1_513' title='bbox 538 5027 713 5096; x_wconf 79' lang='lat' dir='ltr'>Biichelema,</span> <span class='ocrx_word' id='word_1_514' title='bbox 740 5029 900 5102; x_wconf 78' lang='grc' dir='ltr'><strong><em>μινόροντιιτ</em></strong></span> <span class='ocrx_word' id='word_1_515' title='bbox 927 5029 1092 5097; x_wconf 83' lang='lat' dir='ltr'>Dindor&#39;iius,</span> <span class='ocrx_word' id='word_1_516' title='bbox 1119 5027 1221 5081; x_wconf 73' lang='grc' dir='ltr'><strong><em>ι’ππιάν</em></strong></span> <span class='ocrx_word' id='word_1_517' title='bbox 1248 5031 1370 5097; x_wconf 85' lang='lat' dir='ltr'>uterque.</span> <span class='ocrx_word' id='word_1_518' title='bbox 1531 5028 1576 5096; x_wconf 85' lang='lat'>31)</span> <span class='ocrx_word' id='word_1_519' title='bbox 1594 5027 1664 5084; x_wconf 79' lang='lat' dir='ltr'>Nam</span> <span class='ocrx_word' id='word_1_520' title='bbox 1692 5027 1743 5092; x_wconf 81' lang='grc' dir='ltr'>γᾶν</span> <span class='ocrx_word' id='word_1_521' title='bbox 1771 5027 1943 5084; x_wconf 78' lang='lat' dir='ltr'>Hermannus</span> <span class='ocrx_word' id='word_1_522' title='bbox 1971 5032 2043 5084; x_wconf 82' lang='lat' dir='ltr'>recte</span> 
     </span>
     <span class='ocr_line' id='line_1_43' title="bbox 236 5113 1516 5186; baseline 0.004 -20"><span class='ocrx_word' id='word_1_523' title='bbox 236 5113 408 5169; x_wconf 80' lang='lat' dir='ltr'>restituitor</span> <span class='ocrx_word' id='word_1_524' title='bbox 427 5117 528 5172; x_wconf 90' lang='lat' dir='ltr'>codicis</span> <span class='ocrx_word' id='word_1_525' title='bbox 547 5116 660 5173; x_wconf 82' lang='lat' dir='ltr'>Medicei</span> <span class='ocrx_word' id='word_1_526' title='bbox 679 5119 871 5182; x_wconf 69' lang='lat' dir='ltr'>lectionaria,</span> <span class='ocrx_word' id='word_1_527' title='bbox 891 5121 924 5176; x_wconf 85' lang='lat' dir='ltr'>ci.</span> <span class='ocrx_word' id='word_1_528' title='bbox 943 5119 1041 5174; x_wconf 79' lang='lat' dir='ltr'>Aesch.</span> <span class='ocrx_word' id='word_1_529' title='bbox 1063 5117 1155 5186; x_wconf 81' lang='lat' dir='ltr'>Suppl.</span> <span class='ocrx_word' id='word_1_530' title='bbox 1175 5117 1227 5173; x_wconf 83' lang='lat'>633</span> <span class='ocrx_word' id='word_1_531' title='bbox 1246 5120 1294 5174; x_wconf 82' lang='grc' dir='ltr'>τᾶς</span> <span class='ocrx_word' id='word_1_532' title='bbox 1313 5133 1361 5184; x_wconf 93' lang='lat' dir='ltr'>pro</span> <span class='ocrx_word' id='word_1_533' title='bbox 1379 5119 1436 5179; x_wconf 77' lang='grc' dir='ltr'><strong><em>γᾶς,</em></strong></span> <span class='ocrx_word' id='word_1_534' title='bbox 1456 5115 1516 5172; x_wconf 84' lang='lat' dir='ltr'>alia.</span> 
     </span>
    </p>
   </div>
   <div class='ocr_carea' id='block_1_7' title="bbox 0 0 2396 5920">
    <p class='ocr_par' dir='ltr' id='par_1_9' title="bbox 0 0 2396 5920">
     <span class='ocr_line' id='line_1_44' title="bbox 0 0 2396 5920; baseline 0 4"><span class='ocrx_word' id='word_1_535' title='bbox 0 0 2396 5920; x_wconf 95' lang='lat' dir='ltr'> </span> 
     </span>
    </p>
   </div>
  </div>
 </body>
</html>
