4782 5920
238 631 393 718 particula
416 628 592 713 quidquam
617 627 719 710 hebet,
747 629 782 690 in
810 646 873 710 quo
898 627 1046 690 offendas.
1096 627 1224 691 Etenim
1251 646 1292 691 ne
1321 627 1359 691 de
1387 629 1559 692 vetustiore
1587 628 1641 691 illa
1670 629 1896 710 imprecatione
1919 631 2049 713 cogites,

239 759 303 822 qua
324 737 441 821 Pelops
469 741 557 820 rapto
581 734 757 819 Chrysippo
785 733 899 798 Latum
923 735 1058 816 eiusque
1081 734 1212 818 stirpem
1236 739 1421 798 exsecratus
1445 753 1515 798 esse
1538 729 1667 798 dicitur:
1697 741 1803 798 umen
1832 733 1928 798 verba
1949 738 2048 815 γίνεος

240 843 366 907 Οἰδίπου
389 844 417 904 τ’
449 841 515 923 ἀρά
537 842 621 906 haud
644 843 750 924 inepte
779 842 1027 925 coniunguntur.
1073 840 1256 923 Utrumque
1283 842 1369 904 enim
1396 860 1453 926 per
1480 860 1514 905 se
1541 847 1627 905 recte
1650 841 1710 904 dici
1735 846 1766 904 et
1789 838 1855 919 ἀραὶ
1877 844 1985 920 γένεος,
2009 841 2046 906 ct.

238 951 374 1035 cuoeph.
395 951 470 1030 593,
493 956 525 1014 et
543 947 608 1030 ἀρὰ
628 946 765 1018 Οίδίπσυ,
789 946 824 1010 cs.
844 946 927 1030 Sept.
948 947 1021 1010 636.
1042 947 1114 1008 676.
1139 947 1213 1029 690,
1236 966 1309 1010 cum
1333 967 1426 1012 uerno
1449 949 1549 1032 possit
1572 967 1700 1032 negare,
1722 948 1783 1010 hoc
1805 947 1874 1010 loco
1899 951 1932 1007 τέ
1951 951 2047 1032 parti-

237 1059 310 1122 cula
343 1056 535 1141 explicativo
568 1056 625 1137 qui
657 1055 842 1118 nominatur
874 1072 973 1117 sensu
1004 1055 1049 1116 ita
1085 1052 1227 1116 adhiberi
1259 1053 1398 1135 videtur,
1435 1059 1472 1118 ut
1498 1055 1638 1138 primum
1666 1051 1730 1134 ἀρὰ
1757 1057 1856 1134 γένεος
1883 1057 1984 1139 magis
2012 1057 2047 1118 iu

238 1167 430 1228 universum
452 1163 584 1240 dicatur,
607 1161 720 1225 deinde
742 1179 800 1245 per
821 1164 948 1245 τόρευε
972 1159 1126 1244 quaedam
1150 1179 1169 1222 a
1192 1166 1365 1224 ceterarum
1390 1162 1616 1225 communitate
1639 1161 1796 1225 disiuncta
1820 1166 1979 1244 urgeatur.

349 1285 459 1352 Tertiis
495 1286 609 1350 deinde
641 1290 673 1349 et
709 1284 855 1368 strophae
888 1291 920 1349 et
951 1285 1164 1368 antistrophae
1196 1284 1341 1348 versibus
1371 1305 1435 1368 quo
1464 1285 1643 1348 accuratius
1672 1286 1706 1348 in
1729 1287 1879 1349 trimetris
1902 1284 2047 1349 iambicis

246 1393 391 1478 singulae
412 1391 546 1474 syllabae
570 1393 653 1456 inter
676 1409 711 1455 se
734 1391 968 1474 responderent,
991 1390 1233 1456 Heimsoathius
1255 1390 1457 1475 Weiliusque
1480 1397 1512 1456 et
1534 1393 1696 1475 transponi
1719 1391 1817 1456 verba
1835 1416 1865 1452 τι
1883 1394 2048 1474 περιπίτνει

245 1499 298 1564 vel
321 1501 412 1563 etiam
433 1501 597 1581 περιπίτνει
617 1520 657 1579 με
681 1496 814 1579 καρδίαν
836 1517 892 1582 pro
914 1520 954 1579 με
977 1497 1111 1578 καρδίαν
1132 1522 1162 1558 τι
1185 1499 1227 1583 π.)
1251 1503 1282 1562 et
1304 1500 1421 1563 mutuli
1445 1500 1611 1580 (ἀπίθανοι
1634 1518 1689 1580 pro
1714 1495 1849 1579 ἄπιστοι)
1872 1501 2047 1579 iusserunt,

247 1606 303 1669 sed
329 1625 398 1669 cum
425 1607 460 1669 in
487 1604 638 1670 omnibus
666 1605 805 1688 strophis
832 1604 1105 1670 iambolrochaicis
1133 1610 1204 1669 turn
1232 1607 1372 1670 mammo
1394 1607 1429 1669 in
1451 1605 1595 1670 iambicis
1619 1606 1769 1669 trimetris
1793 1606 2048 1688 tetrametrisque

247 1714 478 1776 accuratissima
497 1711 690 1795 syllabarmn
708 1712 894 1794 repetitione
918 1731 984 1774 non
1008 1731 1088 1795 opus
1113 1731 1183 1776 esse
1206 1720 1255 1777 sat
1273 1713 1373 1777 multa
1393 1714 1507 1776 docent
1526 1711 1681 1796 exempla,
1706 1717 1741 1775 nt
1759 1711 1842 1795 Sept
1862 1711 2049 1792 816=824,

245 1819 279 1882 el.
304 1819 415 1883 Christ
439 1819 554 1884 ldetr.²
576 1840 604 1903 p.
629 1819 750 1901 380sq.
775 1824 806 1881 et
830 1817 903 1880 641.

342 1943 426 2007 Tum
459 1946 554 2029 etiam
586 1943 682 2007 verba
695 2009 699 2016 ,
713 1963 765 2004 vv.
799 1943 862 2005 815
878 1962 923 2026 sq.
956 1940 1061 2015 ἔτευξα
1096 1941 1201 2024 τύμβῳ
1232 1945 1322 2024 μελος
1356 1941 1453 2010 Θυιάς
1486 1945 1727 2025 αἱματοσταγεῖς
1755 1939 1878 2022 νεκροὺς
1909 1941 2048 2003 κλύουσα

236 2049 397 2132 δυσμόρως
424 2050 583 2118 θανόντας
605 2049 743 2115 Weilius
770 2069 827 2133 pro
856 2052 1014 2134 corruptis
1042 2050 1150 2132 habet,
1183 2050 1269 2132 quod
1294 2051 1409 2112 aoristo
1437 2049 1542 2124 ἔτευξα
1569 2051 1716 2135 proxime
1744 2049 1893 2132 superius
1920 2067 2047 2114 carmen

236 2159 299 2222 dici
327 2163 484 2242 oporteat,
517 2176 581 2240 quo
608 2157 744 2220 fratrum
771 2157 899 2221 caedem
926 2163 1074 2221 mutuam
1102 2156 1194 2239 quasi
1222 2162 1310 2220 vates
1338 2155 1464 2220 fatidico
1492 2157 1620 2221 horrore
1653 2158 1804 2220 instincta
1831 2155 2049 2237 exhorruerat,

235 2265 376 2348 ideoque
404 2263 606 2328 scribendum
635 2269 744 2328 censet
765 2261 817 2338 ἠδ’
849 2265 1050 2344 αίμοσπαγεῖς
1077 2261 1200 2345 νεκροὺς
1226 2260 1372 2324 ἔκλαυσα.
1422 2263 1535 2346 Neque
1563 2282 1637 2328 vero
1664 2268 1768 2346 potest
1790 2261 1941 2343 dubitari,
1969 2264 2048 2346 quin

236 2377 364 2435 tantum
396 2370 492 2450 absit,
523 2375 560 2434 ut
592 2369 672 2433 illud
704 2369 915 2452 ἔπιτυμβίδισν
941 2373 1062 2452 θρῆνον
1087 2368 1191 2442 ἔτευξα
1220 2388 1286 2432 non
1316 2375 1401 2435 recte
1424 2370 1462 2433 ad
1489 2388 1638 2454 praesens
1668 2387 1794 2433 carmen
1818 2368 1985 2450 referatru,
2012 2376 2050 2433 ut

238 2479 377 2540 aoristus
402 2477 455 2540 ille
476 2477 581 2548 ἔτευξα
609 2476 712 2541 multo
739 2479 870 2561 gravim
898 2483 929 2541 et
956 2479 1061 2560 aptius
1090 2476 1214 2540 dicatur
1242 2496 1339 2559 quam
1365 2495 1523 2560 praesens.
1568 2475 1696 2540 Etenim
1726 2476 1802 2559 quia
1828 2473 1936 2556 τύμβῳ
1957 2479 2048 2556 μίλος

240 2581 357 2663 τεύχειν
370 2583 430 2646 hoc
444 2583 512 2645 loco
527 2581 613 2646 idem
626 2581 712 2646 valet
726 2583 813 2667 quod
827 2583 1038 2665 ίπιτυμβίδιον
1051 2586 1171 2664 θρῆνον
1185 2584 1283 2643 ποιεῖν
1296 2583 1348 2647 vel
1363 2585 1524 2645 ποιεῖσθαι
1537 2584 1557 2645 i.
1572 2602 1597 2647 e.
1617 2583 1753 2662 θρηνεῖν,
1772 2583 1957 2665 praesertim
1973 2602 2047 2646 cunr

242 2697 416 2774 sequantur
438 2688 536 2753 verba
558 2685 696 2749 κλύουσα
719 2686 877 2771 δυσμόρως
895 2689 1063 2760 θανόντας,
1086 2690 1239 2753 aoristum
1257 2689 1361 2762 ἔτευξα
1381 2688 1612 2773 significatione
1631 2708 1713 2772 quae
1732 2688 1848 2753 dicitur
1866 2689 2048 2752 inchoativa

242 2797 304 2860 dici
326 2795 424 2877 vides,
447 2797 531 2859 sicut
557 2797 592 2860 in
615 2795 811 2879 quibuslibet
838 2797 908 2861 aliis
931 2796 1036 2861 verbis
1060 2795 1232 2860 affectuum
1256 2814 1338 2879 quae
1359 2797 1577 2878 nominantur,
1604 2801 1641 2859 ut
1664 2798 1705 2860 sit
1726 2795 1899 2860 vernacula
1920 2795 2045 2880 lingua:

242 2903 292 2964 ich
322 2907 442 2967 musste
469 2904 503 2966 in
526 2901 672 2966 'lhrttnen
700 2902 908 2981 ausbrechen,
935 2904 987 2968 ich
1014 2909 1136 2968 musste
1162 2902 1265 2985 gleioh
1293 2903 1345 2965 ein
1367 2901 1548 2966 lbauerlied
1577 2903 1782 2984 anstimmen,
1809 2902 1861 2966 ich
1887 2903 1986 2985 geriet
2013 2903 2046 2965 in

241 3008 363 3090 lhauer,
386 3009 438 3073 ioh
461 3010 562 3094 geriet
583 3011 618 3072 in
642 3009 864 3093 Verziiclrung.

346 3153 374 3214 3.
397 3149 566 3234 Reliquam
591 3150 729 3235 denique
752 3153 902 3216 carnrhus
924 3156 1054 3237 partem,
1078 3172 1174 3236 quam
1193 3153 1280 3215 varie
1298 3152 1432 3215 editores
1450 3157 1662 3232 tentaverunt,
1684 3152 1822 3234 primum
1842 3155 1916 3213 ante
1935 3149 2046 3213 oculos

243 3275 371 3338 ponam,
397 3263 435 3321 ut
461 3257 578 3340 scripta
604 3264 653 3322 est
679 3260 712 3322 in
741 3258 848 3323 codice
871 3258 1028 3341 Mediceo,
1055 3259 1207 3344 neglectis
1235 3257 1426 3342 quibusdam
1455 3260 1602 3322 minutiis
1629 3257 1879 3342 orthographicis
1912 3257 2048 3340 aliisque

250 3363 442 3444 quisquiliis:

339 3517 405 3578 τάδ’
430 3521 581 3598 αὐτόδηλα
607 3527 759 3605 προῦπτος
781 3525 910 3606 ἀγγέλου
931 3525 1031 3607 λόγος·
1197 3526 1327 3607 ἐρέσσετ’
1354 3523 1439 3606 ἀμφὶ
1461 3523 1552 3606 κρατὶ
1577 3521 1740 3606 πόμπιμον
1758 3525 1867 3604 χεροῖν

338 3623 440 3687 διπλοῖ
459 3633 615 3711 μέριμναι,
639 3629 738 3713 δίδυμ’
764 3623 880 3714 ἀνορέα
1197 3634 1332 3704 πίτυλον,
1356 3629 1388 3699 ὃς
1410 3634 1479 3692 are
1501 3629 1540 3691 δι’
1568 3630 1721 3712 Ἀχέροντ’
1748 3631 1912 3711 ἀμείβεται

337 3729 408 3791 κάκ’
431 3736 591 3815 αὐτοφόνα
615 3736 740 3820 δίμοιρα
764 3743 806 3799 τί·
1197 3725 1253 3799 τόιν
1276 3735 1410 3799 ἀστονον
1430 3736 1644 3820 μελάγκροκον

334 3841 397 3899 λεια
420 3839 458 3902 τά
481 3841 586 3918 πάθη·
609 3849 640 3904 τί
660 3849 722 3925 φῶ,
1198 3843 1371 3906 νοιάστολον
1393 3842 1537 3923 θεωρίδα,

334 3948 363 4007 τί
382 3945 409 4006 δ’
433 3946 507 4009 ἀλλο
530 3951 558 4028 γ’
584 3949 605 4026 ἢ
628 3951 717 4012 πόνοι
741 3949 843 4013 πόνων
1197 3939 1253 4012 τότν
1275 3953 1391 4032 ἀστιβῆ
1415 3949 1564 4011 Ἀπόλλω-

330 4051 431 4134 δόμιον
454 4059 604 4132 ίφέστιοις
1054 4049 1057 4056 ’
1197 4082 1237 4119 νι·
1261 4056 1320 4118 τάν
1343 4055 1473 4118 ἀνάλιον

330 4161 407 4222 ἀλλὰ
429 4162 513 4242 γόον,
536 4155 560 4223 ὦ
583 4165 681 4242 φίλαι,
704 4165 774 4224 κατ’
801 4157 894 4244 οὖρον
979 4237 981 4240 ¹
1196 4163 1353 4227 πάνδοκον
1375 4171 1416 4232 είς
1440 4165 1550 4242 ἀφανῆ
1574 4185 1602 4224 τε
1624 4166 1744 4244 χέρσον.

347 4355 435 4434 Quae
471 4359 695 4444 antistrophica
731 4378 801 4424 asse
836 4363 939 4444 primo
973 4363 1078 4425 statim
1111 4369 1241 4447 aspectu
1275 4360 1393 4442 elucet,
1429 4362 1553 4444 primus
1581 4359 1786 4424 Hermannus
1814 4358 2045 4442 animadvertit,

242 4481 352 4528 omnes
374 4464 439 4529 fere
462 4467 584 4530 assensi
608 4473 692 4543 sunt,
716 4465 771 4530 sed
795 4466 941 4530 nonnulli
965 4467 1003 4531 de
1027 4468 1161 4555 singidis
1186 4467 1377 4553 quibusdam
1400 4466 1547 4531 versibus
1570 4467 1796 4530 dissenserunt„
1842 4467 1891 4528 Ae
1914 4484 1954 4529 ne
1977 4467 2046 4549 ipse

242 4570 370 4652 quidem
389 4591 409 4634 a
425 4591 477 4636 me
495 4574 663 4656 impetrare
681 4592 824 4658 possum,
842 4578 879 4637 ut
897 4592 966 4638 eam
984 4573 1113 4657 probem
1134 4594 1230 4658 quam
1249 4573 1455 4639 Hermaunus
1475 4574 1633 4656 ceterique
1652 4589 1767 4636 omnes·
1781 4571 1881 4636 buius
1900 4573 2046 4656 strophae

242 4694 311 4740 esee
333 4677 507 4744 voluerunt
528 4699 683 4758 versuum
710 4679 959 4764 dispositionem,
982 4699 1023 4745 ex
1047 4701 1110 4764 qua
1133 4687 1230 4744 totam
1254 4682 1415 4766 stropham
1439 4685 1589 4765 quattuor
1616 4679 1765 4772 trimetris
1791 4677 1936 4743 iambicis
1965 4679 2046 4744 ellici

240 4784 438 4848 contendunt
469 4791 500 4850 et
532 4786 676 4850 clausula
707 4786 900 4871 logaoedica,
937 4805 1019 4871 quae
1051 4792 1099 4852 est
1131 4789 1305 4872 tetrapodia
1332 4790 1400 4852 sive
1428 4786 1610 4870 hexapodia.
1666 4784 1748 4848 Nam
1776 4789 1840 4848 tam
1869 4785 2045 4870 simplicem

239 4890 394 4954 rationem
423 4891 462 4955 ab
488 4894 612 4977 reliqua
633 4892 786 4974 Aeschyli
815 4894 849 4956 in
876 4893 1019 4958 iambicis
1047 4895 1279 4978 trochaicisque
1306 4892 1453 4958 versibus
1480 4890 1707 4975 componendis
1734 4893 1966 4957 consuetudine
1993 4891 2046 4956 ab

238 4999 369 5062 horrere
391 4998 442 5062 vel
464 5000 538 5064 inde
561 4999 726 5084 intellegis,
750 5000 834 5084 quod
857 5000 911 5063 illa
933 5002 966 5063 in
991 5001 1149 5064 eiusmodi
1173 4999 1367 5064 carminibus
1385 5000 1542 5063 trimetros
1561 5004 1593 5062 et
1611 4997 1759 5062 dimetros
1778 4998 1829 5062 vel
1849 5004 2044 5063 tetramehos

239 5105 422 5169 consociare
449 5106 562 5170 solitus
589 5113 644 5170 est
691 5106 804 5170 Confer
833 5123 951 5190 quaeso
983 5106 1017 5169 id
1044 5125 1186 5190 carmen,
1213 5107 1299 5190 quod
1328 5125 1424 5189 quam
1451 5105 1597 5189 proxime
1626 5105 1665 5168 ad
1693 5106 1753 5168 hoc
1782 5105 1821 5169 de
1850 5122 1914 5188 quo
1942 5106 2046 5188 agitur

1813 5210 1830 5262 5
