4782 5920
1021 429 1176 434 ......
1226 393 1244 452 2
1291 407 1427 436 „sm-

440 585 508 654 Iam
532 604 608 650 vero
631 587 665 649 in
689 585 892 666 Prometheo,
916 605 997 669 quae
1019 585 1125 650 fabulo
1148 587 1354 651 humanitatis
1376 589 1479 670 prima
1502 588 1584 652 inter
1605 589 1756 654 mortales
1779 593 1976 657 incrementa
2003 594 2140 660 declarat

333 712 399 756 non
432 694 502 756 sine
533 711 648 774 magno
682 697 713 756 et
744 691 848 756 labore
881 698 912 756 et
944 693 1048 756 dolore
1081 698 1178 776 parta,
1210 694 1289 776 quin
1322 695 1548 758 sententiarum
1577 698 1726 780 gravitas,
1758 699 1888 780 veritas,
1920 699 2068 766 honestas
2097 705 2139 767 sit

334 799 528 881 admiranda,
556 799 630 882 quis
653 805 701 862 est
725 800 780 882 qui
804 797 947 862 dubitet?
984 798 1047 863 Sed
1065 799 1167 863 multa
1184 801 1216 863 iu
1243 799 1376 863 dubium
1395 800 1539 884 veniunt,
1562 821 1645 884 quae
1668 805 1816 887 cognosci
1840 811 1895 869 aut
1914 807 2054 890 expediri
2072 829 2138 872 non

334 908 471 988 possunt
493 906 557 968 nisi
580 924 597 968 e
621 906 857 968 continuatione
881 911 912 969 et
933 907 1142 990 perpetuitate
1166 925 1274 970 earum
1298 924 1415 987 rerum,
1439 926 1521 990 quae
1543 907 1613 972 aliis
1637 908 1767 974 demum
1791 911 2024 996 deperditarum
2048 915 2137 979 fobu-

333 1013 436 1074 larum
470 1013 666 1096 argumentis
698 1017 858 1076 enarratae
890 1019 986 1094 atque
1018 1014 1179 1096 expositae
1212 1017 1313 1090 erant3
1353 1031 1434 1094 quoe
1468 1013 1596 1096 quidem
1630 1023 1818 1098 argumenta
1849 1039 1906 1102 per
1940 1023 2135 1088 artissimum

333 1117 496 1202 trilogicae
523 1119 758 1201 compositionis
785 1117 952 1182 vinculum
980 1118 1019 1181 ad
1047 1121 1116 1182 eius
1141 1138 1222 1203 quae
1250 1138 1338 1182 nunc
1366 1118 1432 1182 sola
1464 1119 1503 1182 de
1535 1119 1636 1184 tribus
1669 1122 1731 1188 illis
1762 1131 1861 1189 restat
1886 1126 2010 1191 fabulae
2043 1149 2135 1212 argu·

334 1231 477 1288 mantum
510 1225 699 1308 pertinuisse
733 1227 793 1289 etsi
825 1225 910 1289 haud
941 1226 1139 1307 ignoramus,
1171 1228 1299 1308 assequi
1332 1233 1437 1290 tamen
1472 1245 1536 1288 non
1568 1227 1630 1290 iam
1668 1249 1842 1311 possumus
1880 1233 1942 1298 nisi
1979 1236 2024 1299 eis
2062 1255 2133 1299 oon·

332 1332 527 1394 iacturarum
551 1332 696 1413 argutiis,
725 1351 806 1414 quae
831 1339 939 1395 uuum
962 1331 1135 1414 probentur
1157 1352 1198 1394 an
1220 1331 1454 1414 improbantur,
1481 1352 1522 1396 ne
1545 1333 1628 1397 inter
1650 1335 1759 1400 doctos
1788 1338 1919 1419 quidem
1953 1342 2030 1406 satis
2062 1361 2135 1406 con·

334 1441 404 1500 stat.
446 1435 559 1520 ltaque
587 1437 615 1501 si
643 1438 716 1520 quis
743 1439 825 1502 hanc
851 1437 991 1502 fabulam
1019 1445 1149 1502 tractare
1172 1439 1249 1503 velit
1273 1441 1391 1503 omisso
1416 1440 1471 1520 qui
1495 1459 1559 1502 non
1582 1439 1644 1504 iam
1667 1441 1760 1524 plane
1784 1445 1972 1526 perspicitur
1994 1448 2137 1532 trilogiae

332 1562 467 1624 conexu,
495 1543 561 1607 sola
589 1539 619 1608 ei
642 1552 783 1608 remanat
807 1563 950 1609 summae
974 1546 1176 1625 constantiae,
1204 1565 1243 1609 ne
1267 1546 1370 1608 dicam
1393 1546 1562 1610 ferocitatis
1588 1547 1622 1610 in
1646 1567 1712 1611 uno
1736 1547 1924 1614 Prometheo
1953 1552 2135 1635 explicati03

333 1649 426 1732 quale
459 1655 683 1734 argumentum
716 1670 757 1714 ne
790 1651 828 1714 ab
850 1649 998 1714 Thebana
1031 1651 1159 1734 quidem
1183 1651 1335 1732 Aeschyli
1363 1651 1470 1715 fabula
1497 1653 1663 1719 abhorrere
1690 1655 1746 1718 rix
1774 1661 1822 1719 est
1844 1675 1902 1718 cur
1925 1656 2035 1722 dicam.
2081 1663 2133 1722 Ao

333 1755 504 1838 quisquam
528 1761 576 1819 est
600 1757 656 1838 qui
679 1763 904 1841 argumentum
933 1759 1003 1822 eius
1025 1757 1150 1822 fabulae
1172 1760 1352 1822 maximum
1376 1765 1471 1844 atque
1494 1761 1717 1843 gravissimum
1744 1762 1817 1826 duci
1839 1770 1934 1846 neget
1956 1783 1973 1826 a
1996 1763 2134 1827 Thebani

332 1863 531 1945 imperatoris
544 1864 802 1945 magnanimitate
817 1884 1008 1948 morumque
1023 1864 1190 1929 acerbitate
1205 1866 1383 1929 secundum
1399 1868 1474 1930 artis
1489 1867 1676 1932 dramaticae
1689 1869 1776 1954 leges
1790 1870 1984 1954 exponenda
2021 1869 2135 1954 Neque

331 1987 405 2032 vero
433 1969 511 2032 haec
538 1967 643 2032 fabula
670 1971 703 2032 in
728 1971 788 2035 hoc
811 1992 875 2035 uno
899 1979 1054 2053 versatur,
1077 1972 1133 2036 sed
1157 1991 1230 2035 oum
1255 1975 1344 2036 tertia
1368 1974 1510 2056 trilogiae
1532 1973 1697 2040 Thebanae
1725 1996 1796 2060 pars
1820 1977 1880 2039 hoc
1902 1977 1971 2061 ipso
1995 1978 2134 2042 dramate

331 2076 546 2155 contineatur,
572 2076 760 2159 gravissima
789 2097 934 2162 quaeque
963 2081 1060 2143 totius
1087 2081 1219 2142 actionis
1242 2085 1404 2142 momenta
1426 2086 1614 2164 repetuntur
1638 2090 1670 2147 et
1691 2084 1730 2146 ad
1754 2089 1875 2148 certum
1898 2083 1994 2148 finem
2019 2084 2134 2168 pardu-

333 2189 450 2246 cuntur
471 2183 525 2262 ita,
548 2188 584 2247 ut
605 2183 773 2266 perspicua
797 2187 990 2250 continuitas
1013 2188 1176 2269 seriesque
1199 2205 1306 2250 rerum
1329 2186 1363 2248 in
1387 2187 1482 2249 trium
1507 2186 1685 2253 fabularum
1704 2190 1858 2256 ambitum
1878 2191 2050 2257 divisarum
2069 2210 2133 2254 non

331 2291 432 2373 uragis
456 2287 594 2353 Eteoclis
622 2291 787 2373 ingenium
816 2311 852 2355 ac
881 2312 985 2356 mores
1015 2313 1112 2375 quam
1139 2291 1270 2355 fratrum
1305 2293 1440 2354 exitium
1472 2292 1673 2359 lamentabile
1705 2298 1841 2380 pendere
1875 2298 2066 2362 demonstret
2093 2317 2134 2361 ex

331 2396 451 2478 origiue
474 2401 505 2458 et
528 2395 634 2460 indole
657 2399 755 2462 totius
778 2399 882 2482 gentis
904 2399 1008 2480 regiae
1032 2398 1071 2461 cb
1099 2400 1150 2461 avi
1185 2397 1311 2482 culpam
1340 2399 1539 2463 sanctissimo
1563 2400 1694 2465 deorum
1724 2404 1855 2467 consilio
1878 2405 2079 2489 fetorumque
2101 2405 2134 2466 vi

331 2500 525 2566 ineluctabili
549 2503 808 2588 exstinguendae.
853 2503 895 2567 Ut
918 2505 1064 2588 exempla
1087 2504 1224 2586 afferam,
1247 2505 1329 2568 diros
1352 2511 1475 2570 tantum
1499 2506 1584 2571 locos
1607 2527 1830 2591 commemoro,
1853 2514 2002 2575 carminis
2031 2511 2135 2595 quarti

330 2607 476 2691 strophae
504 2614 535 2672 et
562 2610 775 2693 antistrophae
803 2611 918 2694 prioris
946 2613 1069 2695 initial)
1098 2603 1121 2670 ὦ
1144 2613 1279 2690 μελαινα
1303 2612 1358 2672 καὶ
1382 2617 1477 2674 τελεία
1501 2618 1599 2693 γένεος
1623 2614 1751 2676 Οἰδίπου
1773 2617 1798 2677 τ’
1826 2616 1891 2696 ἀρά
1914 2625 1946 2682 et
1969 2620 2135 2698 ἐξέπραξεν,

330 2713 393 2774 οὐδ’
416 2715 544 2776 ἀπεῖπεν
562 2715 721 2792 πατρόθεν
738 2718 867 2777 εὐκταία
886 2716 988 2795 φάτις,
1006 2717 1117 2799 βουλαὶ
1132 2715 1158 2776 δ’
1181 2715 1307 2780 ἄπιστοι
1321 2721 1426 2780 Λαΐου
1441 2719 1614 2800 διήρκεσαν,
1633 2727 1801 2805 totumque
1820 2745 1945 2788 calanen
1966 2727 2093 2787 tertium
2102 2727 2135 2801 ⁵),

331 2841 394 2905 quo
418 2824 450 2884 in
475 2824 613 2886 carmine
636 2823 731 2907 longa
749 2823 885 2888 latorum
906 2826 1003 2890 series
1020 2825 1095 2888 inde
1114 2845 1131 2888 a
1150 2826 1304 2908 principio
1324 2826 1498 2889 revolvitur
1515 2828 1696 2908 veterisque
1715 2827 1822 2891 delicti
1839 2848 1940 2911 poena
1957 2831 1990 2890 in
2011 2829 2133 2890 tertiam

330 2933 464 2994 aetatem
487 2935 657 3013 propagata
680 2932 852 3014 exponitur
875 2937 961 2994 tauta
985 2931 1109 2994 dicendi
1133 2933 1223 3014 copia
1246 2937 1277 2994 et
1294 2933 1455 3013 gravitate,
1479 2939 1515 2995 ut
1533 2933 1600 3015 ipse
1619 2931 1789 3016 Sophocles
1797 2937 1821 3014 6)
1844 2935 1946 3000 laudis
1969 2934 2134 2998 inhaere

329 3038 498 3120 primariae
522 3057 595 3100 cum
619 3037 780 3118 Aeschylo
801 3045 958 3102 certamen
977 3041 1163 3120 aspernatus
1184 3039 1258 3101 satis
1277 3037 1421 3102 habuerit
1434 3039 1644 3120 Aeschyleam
1662 3058 1836 3123 poenarum
1856 3040 2134 3122 calamitatumque

330 3162 402 3206 cum
426 3141 584 3206 llnctuum
609 3149 698 3208 aestu
722 3145 988 3228 comparationem
1013 3144 1061 3225 (of.
1087 3163 1115 3205 v.
1143 3145 1204 3207 739
1215 3165 1261 3226 sq.
1289 3147 1396 3204 κακῶν
1427 3143 1453 3204 δ’
1484 3143 1579 3224 ὥςπερ
1610 3145 1763 3206 θάλασσα
1795 3148 1868 3227 κῦμ’
1904 3146 1987 3227 ἄγει·
2020 3145 2135 3226 τὸμὲν

329 3251 449 3319 πίτνον,
477 3247 552 3310 ἄλλο
580 3248 606 3308 δ’
633 3251 727 3330 ἀείρει
755 3253 911 3330 τρίχαλον)
939 3252 1050 3334 paucis
1078 3250 1229 3314 adornare
1261 3251 1311 3330 (cf,
1335 3251 1442 3333 Antig.
1473 3251 1535 3314 586
1547 3271 1615 3334 sqq.
1645 3250 1754 3333 ὅμοιον
1781 3251 1849 3321 dicre
1879 3255 2016 3325 ποντίαις
2039 3252 2132 3334 οἶδμα

329 3355 492 3424 δυσπνόοις
515 3355 591 3416 ὅταν
611 3355 805 3442 Θρῄσσαισιν
828 3357 930 3440 ἔρεβος
951 3356 1069 3435 ὕφαλον
1095 3355 1248 3443 ἐπιδράμῃ
1274 3360 1396 3428 πνοαῖς,
1428 3356 1558 3418 κυλίνδει
1588 3357 1747 3440 βυσσόθεν
1778 3359 1924 3421 κελαινὰν
1954 3362 2031 3421 θῖνα
2059 3363 2132 3440 κτλ.)

330 3469 360 3526 et
387 3463 545 3526 malorum
574 3465 656 3526 inter
683 3483 718 3527 se
742 3464 961 3549 colligatorum
985 3466 1108 3528 exitum
1132 3464 1237 3528 addito
1260 3466 1440 3549 Antigonae
1463 3465 1560 3529 exitio
1584 3467 1740 3550 supplere.

435 3570 569 3634 Accedit
596 3570 679 3653 quod
709 3572 788 3634 actio
816 3590 891 3636 vere
920 3571 1091 3634 dramatica
1118 3590 1200 3653 quae
1224 3572 1339 3635 dicitur
1361 3573 1394 3634 in
1417 3570 1607 3636 Prometheo
1630 3579 1661 3636 et
1684 3572 1790 3638 Persis
1812 3575 1999 3656 requiritur:
2025 3579 2135 3638 contra

329 3680 362 3742 in
391 3677 450 3742 bac
477 3676 582 3741 fabula
610 3697 675 3740 non
703 3679 807 3742 solum
831 3677 976 3742 Eteocles
999 3677 1162 3742 Thebanus
1189 3697 1239 3742 ras
1264 3695 1475 3763 magnacum
1499 3679 1667 3762 prudentia
1690 3699 1726 3742 ac
1749 3681 1887 3744 sollertia
1909 3681 2133 3745 administrans

329 3785 527 3850 audientium
561 3785 683 3848 animos
717 3785 757 3848 ad
789 3787 1058 3868 exspectationem
1091 3785 1218 3848 adducit
1251 3805 1489 3868 suspensosque
1521 3787 1605 3850 inter
1631 3806 1720 3870 spem
1748 3793 1935 3870 metumque
1961 3806 2066 3870 usque
2093 3787 2132 3848 ad

329 3913 493 3956 summum
514 3891 683 3956 discrimen
701 3895 816 3956 retinet
835 3911 892 3956 sex
912 3891 1009 3956 duces
1032 3901 1141 3956 cenna
1163 3893 1304 3956 hostium
1327 3894 1466 3975 impetus
1485 3892 1633 3976 deligens,
1656 3911 1769 3955 verum
1792 3892 1886 3957 etiam
1910 3893 1993 3956 haud
2016 3909 2086 3953 raro
2115 3911 2133 3952 a

329 4002 458 4083 regibus
486 3998 640 4062 Thebanis
674 3999 714 4062 ad
746 4002 844 4062 totius
876 3999 1013 4062 civitatis
1045 4005 1161 4063 statum
1192 3997 1371 4062 deflectitur
1398 3997 1550 4081 urbisque
1578 3996 1724 4062 obsessae
1756 4017 1793 4062 ea
1825 3999 1992 4064 exhibetur
2019 3997 2133 4080 λιπαρο,

330 4126 427 4189 quam
456 4107 656 4170 extrinsecus
684 4107 718 4168 in
746 4107 867 4170 animm
896 4112 1021 4169 nostros
1047 4123 1105 4188 per
1132 4124 1247 4188 corpus
1276 4106 1367 4186 quasi
1396 4105 1571 4187 irrumpere
1598 4105 1668 4168 iure
1697 4105 1824 4169 dixeris.
1870 4103 1951 4166 Nam
1975 4107 2062 4167 tanta
2085 4111 2133 4168 est

257 4275 266 4294 ,
329 4231 435 4275 rerum
461 4231 559 4296 paene
584 4210 643 4276 sub
668 4219 830 4296 aspectum
855 4210 1023 4293 subiectio,
1050 4211 1081 4274 id
1111 4211 1194 4295 quod
1223 4209 1264 4273 Η.
1288 4209 1456 4290 Weilius⁷)
1479 4217 1562 4274 recte
1586 4211 1724 4292 monuit,
1746 4218 1783 4275 ut
1809 4228 1863 4274 eae
1892 4229 2022 4293 quoque
2051 4229 2132 4292 quae

331 4338 395 4382 non
420 4320 663 4402 conspiciuntur
685 4337 836 4404 personae
860 4337 1007 4402 quaeque
1030 4337 1081 4382 res
1104 4319 1174 4381 ahis
1198 4319 1231 4380 in
1255 4318 1334 4380 locis
1352 4323 1509 4401 geruntur
1527 4319 1619 4400 quasi
1637 4322 1818 4401 praesentes
1837 4316 1947 4380 adesse
1964 4315 2133 4380 videantur

329 4431 369 4504 et,
401 4425 430 4487 si
462 4426 569 4490 minus
597 4428 665 4510 ipsa
693 4426 874 4504 certamina,
906 4430 937 4488 at
969 4426 1157 4488 certantium
1191 4425 1323 4489 consilia
1350 4431 1382 4487 et
1409 4425 1537 4506 spiritus
1566 4429 1742 4508 appareant.
1787 4424 1858 4506 Aga
1884 4441 1960 4486 vero
1988 4424 2130 4486 virorum

329 4529 506 4594 fortitudini
530 4551 625 4614 quam
650 4533 766 4596 eximio
794 4535 887 4614 poeta
915 4533 1044 4594 invento
1071 4531 1262 4596 feminarum
1293 4530 1332 4594 cb
1355 4530 1487 4614 periculi
1514 4529 1765 4614 magnitudinem
1795 4529 2019 4612 trepidantium
2049 4535 2130 4606 vcta,

331 4639 491 4714 clamores,
520 4637 630 4701 modos
660 4637 780 4703 flebiles
809 4639 960 4722 opponit?
1007 4635 1112 4712 Quid?
1157 4637 1296 4702 Telestes
1318 4637 1371 4700 ille
1394 4637 1547 4718 Aeschyli
1576 4637 1739 4716 choreum,
1766 4655 1840 4700 cum
1869 4636 1995 4719 Septem
2023 4641 2130 4698 contra

329 4743 449 4808 Thebas
474 4749 588 4827 ageret,
610 4764 716 4810 nonne
738 4748 823 4830 ipsas
847 4765 899 4810 res
922 4744 1064 4809 saltando
1089 4764 1153 4828 qua
1177 4751 1261 4808 esset
1283 4745 1353 4808 eius
1377 4746 1452 4808 artis
1475 4745 1588 4828 peritia
1609 4749 1803 4807 monstrasse
1827 4743 2023 4821 narratur?⁸)

436 4993 463 5059 l)
482 4993 580 5046 Aesoh.
599 4991 670 5059 Sept.
689 4990 792 5060 812sq.
813 4996 840 5046 at
856 4993 910 5048 820
920 5010 959 5062 sq.
1117 4993 1143 5060 5)
1162 4991 1259 5046 Aesch.
1280 4991 1352 5060 Sept.
1373 4991 1521 5046 tol-772.
1682 4990 1709 5058 6)
1729 4988 1851 5058 Sophocl.
1871 4988 1961 5057 Antig.
1981 4987 2130 5044 582-603.

438 5081 463 5150 7)
482 5081 596 5135 Prasiai.
616 5079 677 5132 edit.
698 5096 722 5148 p.
743 5079 818 5136 xlv.
979 5081 1006 5152 8)
1026 5081 1068 5135 Ab
1087 5081 1225 5136 Athenaeo
1244 5081 1265 5134 I.
1286 5099 1311 5149 p.
1333 5081 1366 5133 2⁴2
1386 5080 1487 5152 φανερὰ
1507 5085 1620 5148 ποιῆσαι
1640 5081 1674 5130 τὰ
1694 5077 1840 5152 πράγματα
1860 5075 1898 5128 δι’
1917 5075 2053 5148 ὀρχήσεως.
