<?xml version="1.0" encoding="UTF-8"?>
<!DOCTYPE html PUBLIC "-//W3C//DTD XHTML 1.0 Transitional//EN"
    "http://www.w3.org/TR/xhtml1/DTD/xhtml1-transitional.dtd">
<html xmlns="http://www.w3.org/1999/xhtml" xml:lang="en" lang="en">
 <head>
  <title>
</title>
<meta http-equiv="Content-Type" content="text/html;charset=utf-8" />
  <meta name='ocr-system' content='tesseract 3.04.00' />
  <meta name='ocr-capabilities' content='ocr_page ocr_carea ocr_par ocr_line ocrx_word'/>
</head>
<body>
  <div class='ocr_page' id='page_1' title='image "./studiaaeschylea00klotgoog_0013.png"; bbox 0 0 4782 5920; ppageno 0'>
   <div class='ocr_carea' id='block_1_1' title="bbox 1211 389 1424 450">
    <p class='ocr_par' dir='ltr' id='par_1_1' title="bbox 1118 389 1424 450">
     <span class='ocr_line' id='line_1_1' title="bbox 1211 389 1424 450; baseline 0 -20"><span class='ocrx_word' id='word_1_1' title='bbox 1211 389 1230 450; x_wconf 80' lang='grc'><strong>6</strong></span> <span class='ocrx_word' id='word_1_2' title='bbox 1276 424 1424 430; x_wconf 48' lang='grc' dir='ltr'><strong>Μ-</strong></span> 
     </span>
    </p>
   </div>
   <div class='ocr_carea' id='block_1_2' title="bbox 316 549 2120 670">
    <p class='ocr_par' dir='ltr' id='par_1_2' title="bbox 316 549 2120 670">
     <span class='ocr_line' id='line_1_2' title="bbox 316 549 2120 670; baseline -0.003 -19"><span class='ocrx_word' id='word_1_3' title='bbox 316 591 458 670; x_wconf 90' lang='lat' dir='ltr'><strong>oportera</strong></span> <span class='ocrx_word' id='word_1_4' title='bbox 481 585 606 649; x_wconf 90' lang='lat' dir='ltr'><strong>restitui</strong></span> <span class='ocrx_word' id='word_1_5' title='bbox 628 583 705 648; x_wconf 90' lang='lat' dir='ltr'><strong>adeo</strong></span> <span class='ocrx_word' id='word_1_6' title='bbox 729 602 793 646; x_wconf 91' lang='lat' dir='ltr'><strong>non</strong></span> <span class='ocrx_word' id='word_1_7' title='bbox 816 549 986 646; x_wconf 78' lang='lat' dir='ltr'><strong>arbitratus</strong></span> <span class='ocrx_word' id='word_1_8' title='bbox 1010 587 1067 657; x_wconf 86' lang='lat' dir='ltr'><strong>est,</strong></span> <span class='ocrx_word' id='word_1_9' title='bbox 1089 587 1126 645; x_wconf 90' lang='lat' dir='ltr'><strong>ut</strong></span> <span class='ocrx_word' id='word_1_10' title='bbox 1148 581 1309 646; x_wconf 79' lang='lat' dir='ltr'><strong>clausulas</strong></span> <span class='ocrx_word' id='word_1_11' title='bbox 1331 581 1401 645; x_wconf 85' lang='lat' dir='ltr'><strong>illas</strong></span> <span class='ocrx_word' id='word_1_12' title='bbox 1425 581 1674 646; x_wconf 80' lang='lat' dir='ltr'><strong>alloeometricas</strong></span> <span class='ocrx_word' id='word_1_13' title='bbox 1699 583 1833 663; x_wconf 89' lang='lat' dir='ltr'><strong>quaein</strong></span> <span class='ocrx_word' id='word_1_14' title='bbox 1853 581 1960 646; x_wconf 89' lang='lat' dir='ltr'><strong>codice</strong></span> <span class='ocrx_word' id='word_1_15' title='bbox 1979 581 2120 646; x_wconf 83' lang='lat' dir='ltr'><strong>Medicec</strong></span> 
     </span>
    </p>
   </div>
   <div class='ocr_carea' id='block_1_3' title="bbox 315 685 2194 5136">
    <p class='ocr_par' dir='ltr' id='par_1_3' title="bbox 315 685 2194 5136">
     <span class='ocr_line' id='line_1_3' title="bbox 317 685 2122 777; baseline -0.003 -21"><span class='ocrx_word' id='word_1_16' title='bbox 317 695 434 777; x_wconf 90' lang='lat' dir='ltr'><strong>optime</strong></span> <span class='ocrx_word' id='word_1_17' title='bbox 462 691 632 755; x_wconf 88' lang='lat' dir='ltr'><strong>traduntur</strong></span> <span class='ocrx_word' id='word_1_18' title='bbox 659 707 806 772; x_wconf 90' lang='lat' dir='ltr'><strong>quaeque</strong></span> <span class='ocrx_word' id='word_1_19' title='bbox 833 707 875 752; x_wconf 84' lang='lat' dir='ltr'><strong>ex</strong></span> <span class='ocrx_word' id='word_1_20' title='bbox 903 687 1104 752; x_wconf 81' lang='lat' dir='ltr'><strong>dochmiacae</strong></span> <span class='ocrx_word' id='word_1_21' title='bbox 1131 688 1367 771; x_wconf 80' lang='lat' dir='ltr'><strong>compositionis</strong></span> <span class='ocrx_word' id='word_1_22' title='bbox 1400 687 1524 771; x_wconf 87' lang='lat' dir='ltr'><strong>legibus</strong></span> <span class='ocrx_word' id='word_1_23' title='bbox 1550 685 1590 751; x_wconf 94' lang='lat' dir='ltr'><strong>ab</strong></span> <span class='ocrx_word' id='word_1_24' title='bbox 1613 687 1773 768; x_wconf 82' lang='lat' dir='ltr'><strong>Aeschylo</strong></span> <span class='ocrx_word' id='word_1_25' title='bbox 1802 707 1970 771; x_wconf 89' lang='lat' dir='ltr'><strong>nunquam</strong></span> <span class='ocrx_word' id='word_1_26' title='bbox 1996 688 2122 752; x_wconf 74' lang='lat' dir='ltr'><strong>violatis</strong></span> 
     </span>
     <span class='ocr_line' id='line_1_4' title="bbox 316 793 2121 880; baseline -0.002 -18"><span class='ocrx_word' id='word_1_27' title='bbox 316 800 494 864; x_wconf 91' lang='lat' dir='ltr'><strong>necessario</strong></span> <span class='ocrx_word' id='word_1_28' title='bbox 521 797 746 880; x_wconf 85' lang='lat' dir='ltr'><strong>requiruntur,</strong></span> <span class='ocrx_word' id='word_1_29' title='bbox 776 796 884 859; x_wconf 87' lang='lat' dir='ltr'><strong>tohere</strong></span> <span class='ocrx_word' id='word_1_30' title='bbox 912 794 1020 859; x_wconf 91' lang='lat' dir='ltr'><strong>mallet</strong></span> <span class='ocrx_word' id='word_1_31' title='bbox 1047 799 1079 858; x_wconf 88' lang='lat' dir='ltr'><strong>et</strong></span> <span class='ocrx_word' id='word_1_32' title='bbox 1105 794 1213 857; x_wconf 89' lang='lat' dir='ltr'><strong>inania</strong></span> <span class='ocrx_word' id='word_1_33' title='bbox 1241 793 1396 876; x_wconf 80' lang='lat' dir='ltr'><strong>quaedam</strong></span> <span class='ocrx_word' id='word_1_34' title='bbox 1425 793 1521 858; x_wconf 91' lang='lat' dir='ltr'><strong>verba</strong></span> <span class='ocrx_word' id='word_1_35' title='bbox 1548 795 1642 878; x_wconf 89' lang='lat' dir='ltr'><strong>quasi</strong></span> <span class='ocrx_word' id='word_1_36' title='bbox 1664 812 1873 858; x_wconf 90' lang='lat' dir='ltr'><strong>numerorum</strong></span> <span class='ocrx_word' id='word_1_37' title='bbox 1898 795 2121 878; x_wconf 85' lang='lat' dir='ltr'><strong>supplementa</strong></span> 
     </span>
     <span class='ocr_line' id='line_1_5' title="bbox 315 897 2122 987; baseline -0.006 -17"><span class='ocrx_word' id='word_1_38' title='bbox 315 905 486 986; x_wconf 86' lang='lat' dir='ltr'><strong>inculcare,</strong></span> <span class='ocrx_word' id='word_1_39' title='bbox 504 903 610 987; x_wconf 85' lang='lat' dir='ltr'><strong>qualia</strong></span> <span class='ocrx_word' id='word_1_40' title='bbox 633 908 711 966; x_wconf 84' lang='lat' dir='ltr'><strong>sunt</strong></span> <span class='ocrx_word' id='word_1_41' title='bbox 732 904 785 962; x_wconf 89' lang='grc' dir='ltr'><em>ποῖ</em></span> <span class='ocrx_word' id='word_1_42' title='bbox 807 901 838 964; x_wconf 81' lang='grc' dir='ltr'><strong>δὲ</strong></span> <span class='ocrx_word' id='word_1_43' title='bbox 862 906 942 970; x_wconf 80' lang='grc' dir='ltr'><em>τελος</em></span> <span class='ocrx_word' id='word_1_44' title='bbox 966 897 1108 983; x_wconf 78' lang='grc' dir='ltr'><em>προβὰς</em></span> <span class='ocrx_word' id='word_1_45' title='bbox 1130 898 1234 972; x_wconf 80' lang='grc' dir='ltr'><em>ἐπάξει</em></span> <span class='ocrx_word' id='word_1_46' title='bbox 1256 899 1345 970; x_wconf 61' lang='lat' dir='ltr'><strong>dedu</strong></span> <span class='ocrx_word' id='word_1_47' title='bbox 1373 905 1405 964; x_wconf 84' lang='lat' dir='ltr'><strong>et</strong></span> <span class='ocrx_word' id='word_1_48' title='bbox 1422 899 1517 980; x_wconf 73' lang='grc' dir='ltr'><em>Ὄγκα</em></span> <span class='ocrx_word' id='word_1_49' title='bbox 1547 899 1763 980; x_wconf 78' lang='grc' dir='ltr'><strong><em>προφρόνως</em></strong></span> <span class='ocrx_word' id='word_1_50' title='bbox 1783 901 1787 984; x_wconf 71' lang='lat' dir='ltr'><strong>l</strong></span> <span class='ocrx_word' id='word_1_51' title='bbox 1808 899 1982 962; x_wconf 75' lang='grc' dir='ltr'><em>ἑπτάπυλον</em></span> <span class='ocrx_word' id='word_1_52' title='bbox 2009 899 2122 968; x_wconf 73' lang='grc' dir='ltr'><em>πόλεως</em></span> 
     </span>
     <span class='ocr_line' id='line_1_6' title="bbox 316 1000 2121 1092; baseline -0.005 -19"><span class='ocrx_word' id='word_1_53' title='bbox 316 1011 381 1080; x_wconf 78' lang='grc' dir='ltr'><em>ἕδος</em></span> <span class='ocrx_word' id='word_1_54' title='bbox 408 1010 565 1092; x_wconf 74' lang='grc' dir='ltr'><strong><em>ἐπιρρύου,</em></strong></span> <span class='ocrx_word' id='word_1_55' title='bbox 600 1015 636 1074; x_wconf 91' lang='lat' dir='ltr'><strong>ut</strong></span> <span class='ocrx_word' id='word_1_56' title='bbox 663 1009 722 1072; x_wconf 93' lang='lat' dir='ltr'><strong>hoc</strong></span> <span class='ocrx_word' id='word_1_57' title='bbox 754 1008 824 1072; x_wconf 92' lang='lat' dir='ltr'><strong>loco</strong></span> <span class='ocrx_word' id='word_1_58' title='bbox 857 1014 976 1072; x_wconf 78' lang='lat' dir='ltr'><strong>tacernn</strong></span> <span class='ocrx_word' id='word_1_59' title='bbox 1011 1008 1048 1071; x_wconf 90' lang='lat' dir='ltr'><strong>de</strong></span> <span class='ocrx_word' id='word_1_60' title='bbox 1077 1007 1147 1070; x_wconf 85' lang='lat' dir='ltr'><strong>aliis</strong></span> <span class='ocrx_word' id='word_1_61' title='bbox 1180 1007 1323 1070; x_wconf 88' lang='lat' dir='ltr'><strong>eiusdem</strong></span> <span class='ocrx_word' id='word_1_62' title='bbox 1350 1007 1645 1090; x_wconf 83' lang='lat' dir='ltr'><strong>interpositionibus</strong></span> <span class='ocrx_word' id='word_1_63' title='bbox 1673 1008 1714 1072; x_wconf 90' lang='lat' dir='ltr'><strong>ad</strong></span> <span class='ocrx_word' id='word_1_64' title='bbox 1741 1029 1770 1073; x_wconf 86' lang='lat' dir='ltr'><strong>r.</strong></span> <span class='ocrx_word' id='word_1_65' title='bbox 1800 1009 1861 1070; x_wconf 80' lang='grc'>137</span> <span class='ocrx_word' id='word_1_66' title='bbox 1891 1000 1915 1067; x_wconf 84' lang='grc' dir='ltr'><strong><em>ὦ</em></strong></span> <span class='ocrx_word' id='word_1_67' title='bbox 1944 1003 2042 1067; x_wconf 87' lang='grc' dir='ltr'><em>πότνι’</em></span> <span class='ocrx_word' id='word_1_68' title='bbox 2073 1009 2121 1066; x_wconf 78' lang='grc' dir='ltr'><strong>ἴθι</strong></span> 
     </span>
     <span class='ocr_line' id='line_1_7' title="bbox 316 1101 2194 1199; baseline -0.003 -20"><span class='ocrx_word' id='word_1_69' title='bbox 316 1117 388 1186; x_wconf 79' lang='grc' dir='ltr'><em>Διὸς</em></span> <span class='ocrx_word' id='word_1_70' title='bbox 407 1120 584 1199; x_wconf 79' lang='grc' dir='ltr'><em>παραγενοῦ</em></span> <span class='ocrx_word' id='word_1_71' title='bbox 601 1113 723 1195; x_wconf 80' lang='grc' dir='ltr'><em>δάμαρ,</em></span> <span class='ocrx_word' id='word_1_72' title='bbox 746 1115 785 1178; x_wconf 85' lang='lat' dir='ltr'><strong>ad</strong></span> <span class='ocrx_word' id='word_1_73' title='bbox 803 1134 833 1176; x_wconf 77' lang='lat' dir='ltr'><strong>v,</strong></span> <span class='ocrx_word' id='word_1_74' title='bbox 854 1115 916 1178; x_wconf 83' lang='lat'><strong>145</strong></span> <span class='ocrx_word' id='word_1_75' title='bbox 936 1107 961 1174; x_wconf 85' lang='grc' dir='ltr'><strong><em>ὦ</em></strong></span> <span class='ocrx_word' id='word_1_76' title='bbox 982 1117 1045 1190; x_wconf 60' lang='lat' dir='ltr'><strong>apd!</strong></span> <span class='ocrx_word' id='word_1_77' title='bbox 1065 1112 1221 1184; x_wconf 81' lang='grc' dir='ltr'><em>Ἄπολλον,</em></span> <span class='ocrx_word' id='word_1_78' title='bbox 1239 1111 1306 1174; x_wconf 78' lang='grc' dir='ltr'><em>ἔλθ’</em></span> <span class='ocrx_word' id='word_1_79' title='bbox 1333 1111 1450 1192; x_wconf 78' lang='grc' dir='ltr'><strong><em>ἀρωγὸς</em></strong></span> <span class='ocrx_word' id='word_1_80' title='bbox 1469 1111 1563 1184; x_wconf 79' lang='grc' dir='ltr'><em>πόλει,</em></span> <span class='ocrx_word' id='word_1_81' title='bbox 1586 1113 1626 1177; x_wconf 84' lang='lat' dir='ltr'><strong>ad</strong></span> <span class='ocrx_word' id='word_1_82' title='bbox 1650 1133 1679 1173; x_wconf 85' lang='lat' dir='ltr'><strong>v.</strong></span> <span class='ocrx_word' id='word_1_83' title='bbox 1700 1114 1762 1178; x_wconf 81' lang='lat'><strong>147</strong></span> <span class='ocrx_word' id='word_1_84' title='bbox 1787 1113 1842 1174; x_wconf 81' lang='grc' dir='ltr'><strong>καὶ</strong></span> <span class='ocrx_word' id='word_1_85' title='bbox 1861 1113 1977 1176; x_wconf 78' lang='grc' dir='ltr'><em>Διόθεν</em></span> <span class='ocrx_word' id='word_1_86' title='bbox 2002 1117 2118 1194; x_wconf 77' lang='grc' dir='ltr'><em>γένοιθ’</em></span> <span class='ocrx_word' id='word_1_87' title='bbox 2192 1101 2194 1108; x_wconf 51' lang='grc'><strong>’</strong></span> 
     </span>
     <span class='ocr_line' id='line_1_8' title="bbox 317 1220 2120 1316; baseline 0.001 -31"><span class='ocrx_word' id='word_1_88' title='bbox 317 1225 454 1306; x_wconf 79' lang='grc' dir='ltr'><strong>ἁμετέρῳ</strong></span> <span class='ocrx_word' id='word_1_89' title='bbox 472 1227 601 1304; x_wconf 84' lang='grc' dir='ltr'><strong>στρατῷ.</strong></span> <span class='ocrx_word' id='word_1_90' title='bbox 632 1221 730 1286; x_wconf 83' lang='lat' dir='ltr'><strong>Tanta</strong></span> <span class='ocrx_word' id='word_1_91' title='bbox 749 1222 834 1285; x_wconf 83' lang='lat' dir='ltr'><strong>eninr</strong></span> <span class='ocrx_word' id='word_1_92' title='bbox 849 1221 938 1285; x_wconf 84' lang='lat' dir='ltr'><strong>vides</strong></span> <span class='ocrx_word' id='word_1_93' title='bbox 962 1221 1204 1316; x_wconf 79' lang='lat' dir='ltr'><strong>antistrophicae</strong></span> <span class='ocrx_word' id='word_1_94' title='bbox 1223 1220 1462 1303; x_wconf 81' lang='lat' dir='ltr'><strong>compositionis</strong></span> <span class='ocrx_word' id='word_1_95' title='bbox 1481 1220 1624 1302; x_wconf 82' lang='lat' dir='ltr'><strong>vestigia,</strong></span> <span class='ocrx_word' id='word_1_96' title='bbox 1642 1221 1781 1302; x_wconf 91' lang='lat' dir='ltr'><strong>primum</strong></span> <span class='ocrx_word' id='word_1_97' title='bbox 1802 1225 1815 1280; x_wconf 74' lang='grc' dir='ltr'><em>λ</em></span> <span class='ocrx_word' id='word_1_98' title='bbox 1834 1227 1847 1280; x_wconf 72' lang='grc' dir='ltr'><em>ὲ</em></span> <span class='ocrx_word' id='word_1_99' title='bbox 1866 1226 1879 1280; x_wconf 79' lang='grc' dir='ltr'><em>ἐ</em></span> <span class='ocrx_word' id='word_1_100' title='bbox 1898 1223 1916 1280; x_wconf 78' lang='grc' dir='ltr'><em>ἐ</em></span> <span class='ocrx_word' id='word_1_101' title='bbox 1930 1221 2120 1285; x_wconf 90' lang='lat' dir='ltr'><strong>interiectio·</strong></span> 
     </span>
     <span class='ocr_line' id='line_1_9' title="bbox 316 1325 2118 1416; baseline -0.003 -20"><span class='ocrx_word' id='word_1_102' title='bbox 316 1351 373 1396; x_wconf 89' lang='lat' dir='ltr'><strong>nea</strong></span> <span class='ocrx_word' id='word_1_103' title='bbox 392 1331 499 1416; x_wconf 91' lang='lat' dir='ltr'><strong>proodi</strong></span> <span class='ocrx_word' id='word_1_104' title='bbox 517 1331 618 1394; x_wconf 90' lang='lat' dir='ltr'><strong>instar</strong></span> <span class='ocrx_word' id='word_1_105' title='bbox 635 1329 792 1412; x_wconf 84' lang='lat' dir='ltr'><strong>repetitas,</strong></span> <span class='ocrx_word' id='word_1_106' title='bbox 811 1327 925 1392; x_wconf 91' lang='lat' dir='ltr'><strong>deinde</strong></span> <span class='ocrx_word' id='word_1_107' title='bbox 943 1326 1104 1391; x_wconf 83' lang='lat' dir='ltr'><strong>clausulas</strong></span> <span class='ocrx_word' id='word_1_108' title='bbox 1122 1325 1273 1389; x_wconf 82' lang='lat' dir='ltr'><strong>iambicos</strong></span> <span class='ocrx_word' id='word_1_109' title='bbox 1293 1325 1403 1407; x_wconf 91' lang='lat' dir='ltr'><strong>quales</strong></span> <span class='ocrx_word' id='word_1_110' title='bbox 1414 1325 1597 1406; x_wconf 79' lang='lat' dir='ltr'><strong>Aeschylus</strong></span> <span class='ocrx_word' id='word_1_111' title='bbox 1615 1325 1748 1388; x_wconf 90' lang='lat' dir='ltr'><strong>aliarum</strong></span> <span class='ocrx_word' id='word_1_112' title='bbox 1769 1346 1898 1410; x_wconf 92' lang='lat' dir='ltr'><strong>quoque</strong></span> <span class='ocrx_word' id='word_1_113' title='bbox 1917 1326 2118 1410; x_wconf 85' lang='lat' dir='ltr'><strong>periodorum</strong></span> 
     </span>
     <span class='ocr_line' id='line_1_10' title="bbox 317 1429 2121 1517; baseline -0.004 -14"><span class='ocrx_word' id='word_1_114' title='bbox 317 1439 573 1502; x_wconf 86' lang='lat' dir='ltr'><strong>dochmiacarum</strong></span> <span class='ocrx_word' id='word_1_115' title='bbox 596 1437 631 1499; x_wconf 93' lang='lat' dir='ltr'><strong>in</strong></span> <span class='ocrx_word' id='word_1_116' title='bbox 648 1434 712 1498; x_wconf 88' lang='lat' dir='ltr'><strong>fine</strong></span> <span class='ocrx_word' id='word_1_117' title='bbox 731 1435 869 1517; x_wconf 90' lang='lat' dir='ltr'><strong>apponit,</strong></span> <span class='ocrx_word' id='word_1_118' title='bbox 891 1433 928 1496; x_wconf 89' lang='lat' dir='ltr'><strong>of.</strong></span> <span class='ocrx_word' id='word_1_119' title='bbox 952 1431 1074 1496; x_wconf 86' lang='lat' dir='ltr'><strong>observ.</strong></span> <span class='ocrx_word' id='word_1_120' title='bbox 1094 1431 1132 1496; x_wconf 91' lang='lat' dir='ltr'><strong>de</strong></span> <span class='ocrx_word' id='word_1_121' title='bbox 1151 1451 1273 1496; x_wconf 91' lang='lat' dir='ltr'><strong>numer.</strong></span> <span class='ocrx_word' id='word_1_122' title='bbox 1293 1431 1416 1496; x_wconf 90' lang='lat' dir='ltr'><strong>dochm.</strong></span> <span class='ocrx_word' id='word_1_123' title='bbox 1434 1453 1463 1516; x_wconf 90' lang='lat' dir='ltr'><strong>p.</strong></span> <span class='ocrx_word' id='word_1_124' title='bbox 1484 1431 1570 1494; x_wconf 83' lang='lat'><strong>4-6</strong></span> <span class='ocrx_word' id='word_1_125' title='bbox 1594 1433 1658 1512; x_wconf 86' lang='grc' dir='ltr'><em>(ποῖ</em></span> <span class='ocrx_word' id='word_1_126' title='bbox 1681 1429 1707 1490; x_wconf 85' lang='grc' dir='ltr'><strong>δ’</strong></span> <span class='ocrx_word' id='word_1_127' title='bbox 1733 1430 1777 1492; x_wconf 77' lang='grc' dir='ltr'><strong>ἔτι</strong></span> <span class='ocrx_word' id='word_1_128' title='bbox 1800 1434 1882 1498; x_wconf 76' lang='grc' dir='ltr'><em>τέλος</em></span> <span class='ocrx_word' id='word_1_129' title='bbox 1904 1434 2010 1512; x_wconf 73' lang='grc' dir='ltr'><em>ἐπάγει</em></span> <span class='ocrx_word' id='word_1_130' title='bbox 2033 1433 2121 1503; x_wconf 82' lang='grc' dir='ltr'><em>θεός;</em></span> 
     </span>
     <span class='ocr_line' id='line_1_11' title="bbox 316 1537 2122 1622; baseline -0.002 -15"><span class='ocrx_word' id='word_1_131' title='bbox 316 1551 348 1610; x_wconf 92' lang='lat' dir='ltr'><strong>et</strong></span> <span class='ocrx_word' id='word_1_132' title='bbox 374 1543 549 1606; x_wconf 79' lang='grc' dir='ltr'><em>ἑπτάπυλον</em></span> <span class='ocrx_word' id='word_1_133' title='bbox 576 1539 641 1609; x_wconf 77' lang='grc' dir='ltr'><em>ἔθος</em></span> <span class='ocrx_word' id='word_1_134' title='bbox 664 1539 834 1622; x_wconf 72' lang='grc' dir='ltr'><strong>ἐπιρρύου),</strong></span> <span class='ocrx_word' id='word_1_135' title='bbox 862 1539 1000 1622; x_wconf 91' lang='lat' dir='ltr'><strong>denique</strong></span> <span class='ocrx_word' id='word_1_136' title='bbox 1023 1537 1219 1620; x_wconf 83' lang='lat' dir='ltr'><strong>syllabarum</strong></span> <span class='ocrx_word' id='word_1_137' title='bbox 1241 1538 1482 1622; x_wconf 87' lang='lat' dir='ltr'><strong>responsionem</strong></span> <span class='ocrx_word' id='word_1_138' title='bbox 1506 1537 1646 1602; x_wconf 87' lang='lat' dir='ltr'><strong>maxime</strong></span> <span class='ocrx_word' id='word_1_139' title='bbox 1668 1539 1703 1600; x_wconf 93' lang='lat' dir='ltr'><strong>in</strong></span> <span class='ocrx_word' id='word_1_140' title='bbox 1726 1538 1903 1621; x_wconf 89' lang='lat' dir='ltr'><strong>primorum</strong></span> <span class='ocrx_word' id='word_1_141' title='bbox 1931 1541 2029 1604; x_wconf 87' lang='lat' dir='ltr'><strong>trium</strong></span> <span class='ocrx_word' id='word_1_142' title='bbox 2052 1560 2122 1605; x_wconf 89' lang='lat' dir='ltr'><strong>ver·</strong></span> 
     </span>
     <span class='ocr_line' id='line_1_12' title="bbox 316 1643 2119 1728; baseline -0.004 -13"><span class='ocrx_word' id='word_1_143' title='bbox 316 1671 413 1716; x_wconf 89' lang='lat' dir='ltr'><strong>suum</strong></span> <span class='ocrx_word' id='word_1_144' title='bbox 437 1649 559 1714; x_wconf 89' lang='lat' dir='ltr'><strong>ambitu</strong></span> <span class='ocrx_word' id='word_1_145' title='bbox 582 1652 771 1728; x_wconf 78' lang='lat' dir='ltr'><strong>accuratam,</strong></span> <span class='ocrx_word' id='word_1_146' title='bbox 793 1651 831 1710; x_wconf 91' lang='lat' dir='ltr'><strong>ut</strong></span> <span class='ocrx_word' id='word_1_147' title='bbox 852 1647 887 1708; x_wconf 92' lang='lat' dir='ltr'><strong>in</strong></span> <span class='ocrx_word' id='word_1_148' title='bbox 909 1647 1099 1710; x_wconf 83' lang='lat' dir='ltr'><strong>universum</strong></span> <span class='ocrx_word' id='word_1_149' title='bbox 1122 1644 1160 1708; x_wconf 92' lang='lat' dir='ltr'><strong>de</strong></span> <span class='ocrx_word' id='word_1_150' title='bbox 1182 1644 1236 1708; x_wconf 92' lang='lat' dir='ltr'><strong>illo</strong></span> <span class='ocrx_word' id='word_1_151' title='bbox 1260 1645 1459 1728; x_wconf 88' lang='lat' dir='ltr'><strong>stropharum</strong></span> <span class='ocrx_word' id='word_1_152' title='bbox 1483 1644 1549 1728; x_wconf 84' lang='lat' dir='ltr'><strong>pari</strong></span> <span class='ocrx_word' id='word_1_153' title='bbox 1573 1643 1717 1710; x_wconf 89' lang='lat' dir='ltr'><strong>dubitare</strong></span> <span class='ocrx_word' id='word_1_154' title='bbox 1740 1664 1806 1708; x_wconf 87' lang='lat' dir='ltr'><strong>non</strong></span> <span class='ocrx_word' id='word_1_155' title='bbox 1824 1646 1936 1728; x_wconf 90' lang='lat' dir='ltr'><strong>possis.</strong></span> <span class='ocrx_word' id='word_1_156' title='bbox 1972 1647 2017 1708; x_wconf 89' lang='lat' dir='ltr'><strong>At</strong></span> <span class='ocrx_word' id='word_1_157' title='bbox 2036 1647 2119 1709; x_wconf 85' lang='lat' dir='ltr'><strong>enirn</strong></span> 
     </span>
     <span class='ocr_line' id='line_1_13' title="bbox 316 1751 2122 1842; baseline -0.003 -20"><span class='ocrx_word' id='word_1_158' title='bbox 316 1766 348 1822; x_wconf 89' lang='lat' dir='ltr'><strong>et</strong></span> <span class='ocrx_word' id='word_1_159' title='bbox 365 1759 427 1842; x_wconf 90' lang='lat' dir='ltr'><strong>ipsi</strong></span> <span class='ocrx_word' id='word_1_160' title='bbox 436 1755 601 1820; x_wconf 89' lang='lat' dir='ltr'><strong>Dindorlio</strong></span> <span class='ocrx_word' id='word_1_161' title='bbox 617 1755 693 1820; x_wconf 87' lang='lat' dir='ltr'><strong>satis</strong></span> <span class='ocrx_word' id='word_1_162' title='bbox 708 1771 839 1817; x_wconf 89' lang='lat' dir='ltr'><strong>caussae</strong></span> <span class='ocrx_word' id='word_1_163' title='bbox 852 1751 952 1816; x_wconf 89' lang='lat' dir='ltr'><strong>fuisse</strong></span> <span class='ocrx_word' id='word_1_164' title='bbox 966 1752 1102 1834; x_wconf 80' lang='lat' dir='ltr'><strong>ridetur,</strong></span> <span class='ocrx_word' id='word_1_165' title='bbox 1117 1771 1174 1816; x_wconf 90' lang='lat' dir='ltr'><strong>cur</strong></span> <span class='ocrx_word' id='word_1_166' title='bbox 1192 1753 1406 1815; x_wconf 89' lang='lat' dir='ltr'><strong>antitheticam</strong></span> <span class='ocrx_word' id='word_1_167' title='bbox 1427 1753 1542 1815; x_wconf 89' lang='lat' dir='ltr'><strong>horum</strong></span> <span class='ocrx_word' id='word_1_168' title='bbox 1556 1769 1710 1816; x_wconf 73' lang='lat' dir='ltr'><strong>versuum</strong></span> <span class='ocrx_word' id='word_1_169' title='bbox 1728 1754 1883 1816; x_wconf 89' lang='lat' dir='ltr'><strong>rationem</strong></span> <span class='ocrx_word' id='word_1_170' title='bbox 1899 1757 2122 1830; x_wconf 88' lang='lat' dir='ltr'><strong>contemneret,</strong></span> 
     </span>
     <span class='ocr_line' id='line_1_14' title="bbox 318 1857 2121 1949; baseline -0.006 -21"><span class='ocrx_word' id='word_1_171' title='bbox 318 1864 405 1949; x_wconf 92' lang='lat' dir='ltr'><strong>quod</strong></span> <span class='ocrx_word' id='word_1_172' title='bbox 431 1862 591 1928; x_wconf 82' lang='lat' dir='ltr'><strong>versiculo</strong></span> <span class='ocrx_word' id='word_1_173' title='bbox 621 1861 682 1924; x_wconf 80' lang='grc'>147</span> <span class='ocrx_word' id='word_1_174' title='bbox 703 1857 768 1932; x_wconf 70' lang='grc' dir='ltr'><em>,κοιλ</em></span> <span class='ocrx_word' id='word_1_175' title='bbox 796 1858 911 1920; x_wconf 95' lang='grc' dir='ltr'><em>Διόθεν</em></span> <span class='ocrx_word' id='word_1_176' title='bbox 943 1859 1168 1942; x_wconf 87' lang='lat' dir='ltr'><strong>antistrophico</strong></span> <span class='ocrx_word' id='word_1_177' title='bbox 1201 1858 1350 1942; x_wconf 91' lang='lat' dir='ltr'><strong>strophici</strong></span> <span class='ocrx_word' id='word_1_178' title='bbox 1383 1858 1446 1922; x_wconf 93' lang='lat' dir='ltr'><strong>duo</strong></span> <span class='ocrx_word' id='word_1_179' title='bbox 1473 1858 1664 1942; x_wconf 87' lang='lat' dir='ltr'><strong>respondere</strong></span> <span class='ocrx_word' id='word_1_180' title='bbox 1695 1859 1856 1923; x_wconf 75' lang='lat' dir='ltr'><strong>videnum:</strong></span> <span class='ocrx_word' id='word_1_181' title='bbox 1891 1857 2014 1939; x_wconf 83' lang='grc' dir='ltr'><em>Ἄρτεμι</em></span> <span class='ocrx_word' id='word_1_182' title='bbox 2045 1860 2121 1936; x_wconf 84' lang='grc' dir='ltr'><em>φίλα</em></span> 
     </span>
     <span class='ocr_line' id='line_1_15' title="bbox 317 1963 2121 2049; baseline -0.004 -14"><span class='ocrx_word' id='word_1_183' title='bbox 317 1971 504 2036; x_wconf 85' lang='lat' dir='ltr'><strong>exclamatio</strong></span> <span class='ocrx_word' id='word_1_184' title='bbox 533 1974 566 2031; x_wconf 90' lang='lat' dir='ltr'><strong>ct</strong></span> <span class='ocrx_word' id='word_1_185' title='bbox 592 1969 705 2028; x_wconf 77' lang='grc' dir='ltr'><em>λε’λέ</em></span> <span class='ocrx_word' id='word_1_186' title='bbox 728 1965 913 2029; x_wconf 89' lang='lat' dir='ltr'><strong>interiectio.</strong></span> <span class='ocrx_word' id='word_1_187' title='bbox 960 1963 1062 2040; x_wconf 81' lang='lat' dir='ltr'><strong>Quam</strong></span> <span class='ocrx_word' id='word_1_188' title='bbox 1091 1964 1260 2029; x_wconf 85' lang='lat' dir='ltr'><strong>verborum</strong></span> <span class='ocrx_word' id='word_1_189' title='bbox 1289 1965 1531 2048; x_wconf 89' lang='lat' dir='ltr'><strong>discrepantiam</strong></span> <span class='ocrx_word' id='word_1_190' title='bbox 1560 1984 1675 2049; x_wconf 77' lang='lat' dir='ltr'><strong>magno</strong></span> <span class='ocrx_word' id='word_1_191' title='bbox 1702 1965 1776 2029; x_wconf 89' lang='lat' dir='ltr'><strong>licet</strong></span> <span class='ocrx_word' id='word_1_192' title='bbox 1808 1965 1914 2028; x_wconf 90' lang='lat' dir='ltr'><strong>studio</strong></span> <span class='ocrx_word' id='word_1_193' title='bbox 1945 1965 2029 2028; x_wconf 89' lang='lat' dir='ltr'><strong>alius</strong></span> <span class='ocrx_word' id='word_1_194' title='bbox 2061 1965 2121 2028; x_wconf 88' lang='lat' dir='ltr'><strong>alia</strong></span> 
     </span>
     <span class='ocr_line' id='line_1_16' title="bbox 316 2069 2121 2155; baseline -0.003 -15"><span class='ocrx_word' id='word_1_195' title='bbox 316 2078 498 2140; x_wconf 90' lang='lat' dir='ltr'><strong>coniectura</strong></span> <span class='ocrx_word' id='word_1_196' title='bbox 520 2091 684 2138; x_wconf 85' lang='lat' dir='ltr'><strong>removere</strong></span> <span class='ocrx_word' id='word_1_197' title='bbox 707 2071 902 2152; x_wconf 83' lang='lat' dir='ltr'><strong>studuerint,</strong></span> <span class='ocrx_word' id='word_1_198' title='bbox 934 2069 1036 2152; x_wconf 84' lang='lat' dir='ltr'><strong>(velut</strong></span> <span class='ocrx_word' id='word_1_199' title='bbox 1063 2077 1097 2132; x_wconf 79' lang='grc' dir='ltr'><em>λιι</em></span> <span class='ocrx_word' id='word_1_200' title='bbox 1125 2069 1241 2133; x_wconf 83' lang='grc' dir='ltr'><strong>Διόθεν</strong></span> <span class='ocrx_word' id='word_1_201' title='bbox 1267 2069 1466 2136; x_wconf 88' lang='lat' dir='ltr'><strong>Robortellus</strong></span> <span class='ocrx_word' id='word_1_202' title='bbox 1498 2077 1554 2135; x_wconf 88' lang='lat' dir='ltr'><strong>aut</strong></span> <span class='ocrx_word' id='word_1_203' title='bbox 1580 2071 1715 2137; x_wconf 71' lang='lat' dir='ltr'><strong>Michadl</strong></span> <span class='ocrx_word' id='word_1_204' title='bbox 1742 2071 1936 2155; x_wconf 85' lang='lat' dir='ltr'><strong>Sophianus,</strong></span> <span class='ocrx_word' id='word_1_205' title='bbox 1968 2073 2020 2135; x_wconf 91' lang='lat' dir='ltr'><strong>cui</strong></span> <span class='ocrx_word' id='word_1_206' title='bbox 2048 2091 2121 2136; x_wconf 89' lang='lat' dir='ltr'><strong>con-</strong></span> 
     </span>
     <span class='ocr_line' id='line_1_17' title="bbox 316 2176 2119 2264; baseline -0.002 -19"><span class='ocrx_word' id='word_1_207' title='bbox 316 2185 452 2247; x_wconf 90' lang='lat' dir='ltr'><strong>iecturas</strong></span> <span class='ocrx_word' id='word_1_208' title='bbox 475 2201 541 2245; x_wconf 92' lang='lat' dir='ltr'><strong>non</strong></span> <span class='ocrx_word' id='word_1_209' title='bbox 563 2199 682 2264; x_wconf 88' lang='lat' dir='ltr'><strong>paucas</strong></span> <span class='ocrx_word' id='word_1_210' title='bbox 705 2197 739 2242; x_wconf 88' lang='lat' dir='ltr'><strong>se</strong></span> <span class='ocrx_word' id='word_1_211' title='bbox 763 2176 875 2242; x_wconf 86' lang='lat' dir='ltr'><strong>debere</strong></span> <span class='ocrx_word' id='word_1_212' title='bbox 896 2177 950 2241; x_wconf 93' lang='lat' dir='ltr'><strong>ille</strong></span> <span class='ocrx_word' id='word_1_213' title='bbox 972 2179 1007 2241; x_wconf 94' lang='lat' dir='ltr'><strong>in</strong></span> <span class='ocrx_word' id='word_1_214' title='bbox 1030 2177 1221 2262; x_wconf 89' lang='lat' dir='ltr'><strong>praefatione</strong></span> <span class='ocrx_word' id='word_1_215' title='bbox 1240 2178 1334 2257; x_wconf 87' lang='lat' dir='ltr'><strong>dixit;</strong></span> <span class='ocrx_word' id='word_1_216' title='bbox 1358 2184 1391 2238; x_wconf 74' lang='grc' dir='ltr'><strong>ἐκ</strong></span> <span class='ocrx_word' id='word_1_217' title='bbox 1410 2178 1526 2240; x_wconf 83' lang='grc' dir='ltr'><strong>Διόθεν</strong></span> <span class='ocrx_word' id='word_1_218' title='bbox 1547 2177 1640 2260; x_wconf 81' lang='grc' dir='ltr'><em>μόλοι</em></span> <span class='ocrx_word' id='word_1_219' title='bbox 1662 2180 1713 2245; x_wconf 82' lang='lat' dir='ltr'><strong>vel</strong></span> <span class='ocrx_word' id='word_1_220' title='bbox 1737 2182 1821 2240; x_wconf 77' lang='grc' dir='ltr'><em>πέλοι</em></span> <span class='ocrx_word' id='word_1_221' title='bbox 1845 2179 1880 2242; x_wconf 84' lang='lat' dir='ltr'><strong>G.</strong></span> <span class='ocrx_word' id='word_1_222' title='bbox 1899 2177 2119 2254; x_wconf 82' lang='lat' dir='ltr'><strong>Hermannus3</strong></span> 
     </span>
     <span class='ocr_line' id='line_1_18' title="bbox 316 2277 2122 2369; baseline -0.001 -19"><span class='ocrx_word' id='word_1_223' title='bbox 316 2287 371 2350; x_wconf 80' lang='grc' dir='ltr'><strong>καὶ</strong></span> <span class='ocrx_word' id='word_1_224' title='bbox 399 2287 515 2351; x_wconf 82' lang='grc' dir='ltr'><em>Διόθεν</em></span> <span class='ocrx_word' id='word_1_225' title='bbox 541 2281 563 2361; x_wconf 88' lang='grc' dir='ltr'><strong><em>ᾇ</em></strong></span> <span class='ocrx_word' id='word_1_226' title='bbox 591 2287 753 2364; x_wconf 73' lang='lat' dir='ltr'><strong>Priamus,</strong></span> <span class='ocrx_word' id='word_1_227' title='bbox 782 2281 838 2344; x_wconf 81' lang='grc' dir='ltr'><em>κοιλ</em></span> <span class='ocrx_word' id='word_1_228' title='bbox 865 2283 981 2345; x_wconf 84' lang='grc' dir='ltr'><em>Διόθεν</em></span> <span class='ocrx_word' id='word_1_229' title='bbox 1007 2277 1032 2344; x_wconf 85' lang='grc' dir='ltr'><strong>ὦ</strong></span> <span class='ocrx_word' id='word_1_230' title='bbox 1064 2285 1278 2366; x_wconf 83' lang='lat' dir='ltr'><strong>Louinshyus</strong></span> <span class='ocrx_word' id='word_1_231' title='bbox 1306 2291 1338 2348; x_wconf 87' lang='lat' dir='ltr'><strong>et</strong></span> <span class='ocrx_word' id='word_1_232' title='bbox 1359 2283 1509 2366; x_wconf 88' lang='lat' dir='ltr'><strong>Weilius,</strong></span> <span class='ocrx_word' id='word_1_233' title='bbox 1542 2288 1600 2345; x_wconf 85' lang='grc' dir='ltr'><strong>παῖ</strong></span> <span class='ocrx_word' id='word_1_234' title='bbox 1629 2283 1714 2356; x_wconf 82' lang='grc' dir='ltr'><em>Διός,</em></span> <span class='ocrx_word' id='word_1_235' title='bbox 1743 2285 1820 2347; x_wconf 87' lang='grc' dir='ltr'><em>ὅθεν</em></span> <span class='ocrx_word' id='word_1_236' title='bbox 1847 2285 2063 2369; x_wconf 87' lang='lat' dir='ltr'><strong>Westphalius</strong></span> <span class='ocrx_word' id='word_1_237' title='bbox 2092 2291 2122 2348; x_wconf 87' lang='lat' dir='ltr'><strong>et</strong></span> 
     </span>
     <span class='ocr_line' id='line_1_19' title="bbox 317 2390 2122 2476; baseline -0.002 -18"><span class='ocrx_word' id='word_1_238' title='bbox 317 2395 523 2476; x_wconf 85' lang='lat' dir='ltr'><strong>Biichelerus‚</strong></span> <span class='ocrx_word' id='word_1_239' title='bbox 546 2394 579 2457; x_wconf 92' lang='lat' dir='ltr'><strong>id</strong></span> <span class='ocrx_word' id='word_1_240' title='bbox 596 2412 699 2476; x_wconf 88' lang='lat' dir='ltr'><strong>genus</strong></span> <span class='ocrx_word' id='word_1_241' title='bbox 723 2391 802 2472; x_wconf 87' lang='lat' dir='ltr'><strong>alia),</strong></span> <span class='ocrx_word' id='word_1_242' title='bbox 824 2395 950 2454; x_wconf 88' lang='lat' dir='ltr'><strong>tanturn</strong></span> <span class='ocrx_word' id='word_1_243' title='bbox 973 2395 1078 2454; x_wconf 88' lang='lat' dir='ltr'><strong>tamen</strong></span> <span class='ocrx_word' id='word_1_244' title='bbox 1102 2390 1199 2470; x_wconf 89' lang='lat' dir='ltr'><strong>abest,</strong></span> <span class='ocrx_word' id='word_1_245' title='bbox 1221 2397 1259 2455; x_wconf 90' lang='lat' dir='ltr'><strong>ut</strong></span> <span class='ocrx_word' id='word_1_246' title='bbox 1282 2392 1401 2455; x_wconf 88' lang='lat' dir='ltr'><strong>malurn</strong></span> <span class='ocrx_word' id='word_1_247' title='bbox 1424 2393 1608 2473; x_wconf 87' lang='lat' dir='ltr'><strong>minuerint,</strong></span> <span class='ocrx_word' id='word_1_248' title='bbox 1630 2399 1668 2456; x_wconf 92' lang='lat' dir='ltr'><strong>ut</strong></span> <span class='ocrx_word' id='word_1_249' title='bbox 1689 2394 1860 2476; x_wconf 89' lang='lat' dir='ltr'><strong>pristinum</strong></span> <span class='ocrx_word' id='word_1_250' title='bbox 1880 2392 1997 2456; x_wconf 91' lang='lat' dir='ltr'><strong>codicis</strong></span> <span class='ocrx_word' id='word_1_251' title='bbox 2015 2390 2122 2454; x_wconf 88' lang='lat' dir='ltr'><strong>arche·</strong></span> 
     </span>
     <span class='ocr_line' id='line_1_20' title="bbox 317 2496 2122 2586; baseline -0.003 -20"><span class='ocrx_word' id='word_1_252' title='bbox 317 2505 385 2586; x_wconf 92' lang='lat' dir='ltr'><strong>typi</strong></span> <span class='ocrx_word' id='word_1_253' title='bbox 413 2507 530 2566; x_wconf 89' lang='lat' dir='ltr'><strong>statum</strong></span> <span class='ocrx_word' id='word_1_254' title='bbox 559 2498 806 2564; x_wconf 82' lang='lat' dir='ltr'><strong>obscuraverint</strong></span> <span class='ocrx_word' id='word_1_255' title='bbox 847 2496 928 2560; x_wconf 87' lang='lat' dir='ltr'><strong>Nam</strong></span> <span class='ocrx_word' id='word_1_256' title='bbox 956 2496 989 2559; x_wconf 92' lang='lat' dir='ltr'><strong>id</strong></span> <span class='ocrx_word' id='word_1_257' title='bbox 1013 2497 1099 2580; x_wconf 91' lang='lat' dir='ltr'><strong>quod</strong></span> <span class='ocrx_word' id='word_1_258' title='bbox 1122 2498 1207 2562; x_wconf 90' lang='lat' dir='ltr'><strong>idem</strong></span> <span class='ocrx_word' id='word_1_259' title='bbox 1229 2498 1283 2562; x_wconf 89' lang='lat' dir='ltr'><strong>ille</strong></span> <span class='ocrx_word' id='word_1_260' title='bbox 1302 2496 1497 2580; x_wconf 78' lang='lat' dir='ltr'><strong>Diudcnius,</strong></span> <span class='ocrx_word' id='word_1_261' title='bbox 1521 2518 1584 2582; x_wconf 93' lang='lat' dir='ltr'><strong>qua</strong></span> <span class='ocrx_word' id='word_1_262' title='bbox 1606 2501 1711 2563; x_wconf 90' lang='lat' dir='ltr'><strong>estin</strong></span> <span class='ocrx_word' id='word_1_263' title='bbox 1735 2507 1801 2564; x_wconf 90' lang='lat' dir='ltr'><strong>arte</strong></span> <span class='ocrx_word' id='word_1_264' title='bbox 1824 2500 1933 2563; x_wconf 91' lang='lat' dir='ltr'><strong>critica</strong></span> <span class='ocrx_word' id='word_1_265' title='bbox 1955 2497 2122 2562; x_wconf 84' lang='lat' dir='ltr'><strong>factitando</strong></span> 
     </span>
     <span class='ocr_line' id='line_1_21' title="bbox 317 2603 2123 2690; baseline -0.001 -16"><span class='ocrx_word' id='word_1_266' title='bbox 317 2609 433 2674; x_wconf 89' lang='lat' dir='ltr'><strong>mentis</strong></span> <span class='ocrx_word' id='word_1_267' title='bbox 461 2607 644 2690; x_wconf 86' lang='lat' dir='ltr'><strong>sagacitate,</strong></span> <span class='ocrx_word' id='word_1_268' title='bbox 670 2605 844 2670; x_wconf 87' lang='lat' dir='ltr'><strong>rectissime</strong></span> <span class='ocrx_word' id='word_1_269' title='bbox 870 2605 1031 2687; x_wconf 73' lang='lat' dir='ltr'><strong>perspexit</strong></span> <span class='ocrx_word' id='word_1_270' title='bbox 1058 2603 1166 2688; x_wconf 87' lang='lat' dir='ltr'><strong>(praef.</strong></span> <span class='ocrx_word' id='word_1_271' title='bbox 1190 2604 1262 2668; x_wconf 90' lang='lat' dir='ltr'><strong>edit.</strong></span> <span class='ocrx_word' id='word_1_272' title='bbox 1287 2606 1386 2687; x_wconf 89' lang='lat' dir='ltr'><strong>quint</strong></span> <span class='ocrx_word' id='word_1_273' title='bbox 1409 2603 1528 2669; x_wconf 83' lang='lat' dir='ltr'><strong>Teubn.</strong></span> <span class='ocrx_word' id='word_1_274' title='bbox 1552 2625 1581 2690; x_wconf 93' lang='lat' dir='ltr'><strong>p.</strong></span> <span class='ocrx_word' id='word_1_275' title='bbox 1606 2605 1751 2686; x_wconf 85' lang='lat' dir='ltr'><strong>XLVII),</strong></span> <span class='ocrx_word' id='word_1_276' title='bbox 1778 2606 1850 2670; x_wconf 88' lang='lat' dir='ltr'><strong>illae</strong></span> <span class='ocrx_word' id='word_1_277' title='bbox 1878 2606 2123 2673; x_wconf 80' lang='lat' dir='ltr'><strong>interiectionca.</strong></span> 
     </span>
     <span class='ocr_line' id='line_1_22' title="bbox 317 2709 2123 2796; baseline -0.005 -18"><span class='ocrx_word' id='word_1_278' title='bbox 317 2734 390 2778; x_wconf 88' lang='lat' dir='ltr'><strong>cunr</strong></span> <span class='ocrx_word' id='word_1_279' title='bbox 419 2732 485 2776; x_wconf 92' lang='lat' dir='ltr'><strong>non</strong></span> <span class='ocrx_word' id='word_1_280' title='bbox 513 2713 553 2776; x_wconf 89' lang='lat' dir='ltr'><strong>ad</strong></span> <span class='ocrx_word' id='word_1_281' title='bbox 580 2713 812 2776; x_wconf 90' lang='lat' dir='ltr'><strong>invocationem</strong></span> <span class='ocrx_word' id='word_1_282' title='bbox 842 2711 917 2774; x_wconf 88' lang='lat' dir='ltr'><strong>deae</strong></span> <span class='ocrx_word' id='word_1_283' title='bbox 940 2711 1131 2793; x_wconf 87' lang='lat' dir='ltr'><strong>pertincant,</strong></span> <span class='ocrx_word' id='word_1_284' title='bbox 1154 2710 1208 2774; x_wconf 91' lang='lat' dir='ltr'><strong>sed</strong></span> <span class='ocrx_word' id='word_1_285' title='bbox 1231 2711 1313 2775; x_wconf 89' lang='lat' dir='ltr'><strong>alius</strong></span> <span class='ocrx_word' id='word_1_286' title='bbox 1337 2713 1401 2775; x_wconf 88' lang='lat' dir='ltr'><strong>sint</strong></span> <span class='ocrx_word' id='word_1_287' title='bbox 1422 2731 1584 2795; x_wconf 78' lang='lat' dir='ltr'><strong>personae,</strong></span> <span class='ocrx_word' id='word_1_288' title='bbox 1609 2733 1691 2796; x_wconf 90' lang='lat' dir='ltr'><strong>quaa</strong></span> <span class='ocrx_word' id='word_1_289' title='bbox 1714 2732 1767 2777; x_wconf 88' lang='lat' dir='ltr'><strong>aas</strong></span> <span class='ocrx_word' id='word_1_290' title='bbox 1791 2711 1896 2778; x_wconf 86' lang='lat' dir='ltr'><strong>verbis</strong></span> <span class='ocrx_word' id='word_1_291' title='bbox 1920 2712 1988 2776; x_wconf 86' lang='lat' dir='ltr'><strong>suis</strong></span> <span class='ocrx_word' id='word_1_292' title='bbox 2013 2709 2123 2792; x_wconf 78' lang='grc' dir='ltr'><em>ὄτοβον</em></span> 
     </span>
     <span class='ocr_line' id='line_1_23' title="bbox 318 2814 2122 2900; baseline -0.001 -19"><span class='ocrx_word' id='word_1_293' title='bbox 318 2818 469 2899; x_wconf 79' lang='grc' dir='ltr'><em>ἁρμόττον</em></span> <span class='ocrx_word' id='word_1_294' title='bbox 496 2817 580 2899; x_wconf 80' lang='grc' dir='ltr'><em>ἀμφὶ</em></span> <span class='ocrx_word' id='word_1_295' title='bbox 608 2817 696 2878; x_wconf 84' lang='grc' dir='ltr'><em>πόλιν</em></span> <span class='ocrx_word' id='word_1_296' title='bbox 723 2817 802 2877; x_wconf 86' lang='grc' dir='ltr'><em>κλόω</em></span> <span class='ocrx_word' id='word_1_297' title='bbox 830 2817 1001 2900; x_wconf 89' lang='lat' dir='ltr'><strong>praemittit</strong></span> <span class='ocrx_word' id='word_1_298' title='bbox 1028 2817 1150 2880; x_wconf 88' lang='lat' dir='ltr'><strong>timoris</strong></span> <span class='ocrx_word' id='word_1_299' title='bbox 1179 2816 1379 2898; x_wconf 86' lang='lat' dir='ltr'><strong>significandi</strong></span> <span class='ocrx_word' id='word_1_300' title='bbox 1407 2837 1535 2898; x_wconf 89' lang='lat' dir='ltr'><strong>caussa,</strong></span> <span class='ocrx_word' id='word_1_301' title='bbox 1562 2838 1626 2882; x_wconf 91' lang='lat' dir='ltr'><strong>non</strong></span> <span class='ocrx_word' id='word_1_302' title='bbox 1654 2825 1790 2900; x_wconf 88' lang='lat' dir='ltr'><strong>possunt</strong></span> <span class='ocrx_word' id='word_1_303' title='bbox 1818 2838 1891 2881; x_wconf 86' lang='lat' dir='ltr'><strong>cunr</strong></span> <span class='ocrx_word' id='word_1_304' title='bbox 1920 2817 1979 2880; x_wconf 89' lang='lat' dir='ltr'><strong>hac</strong></span> <span class='ocrx_word' id='word_1_305' title='bbox 2001 2814 2122 2880; x_wconf 85' lang='lat' dir='ltr'><strong>Dianae</strong></span> 
     </span>
     <span class='ocr_line' id='line_1_24' title="bbox 317 2922 2121 3006; baseline -0.004 -15"><span class='ocrx_word' id='word_1_306' title='bbox 317 2929 518 2991; x_wconf 89' lang='lat' dir='ltr'><strong>invocatione</strong></span> <span class='ocrx_word' id='word_1_307' title='bbox 544 2928 578 2989; x_wconf 90' lang='lat' dir='ltr'><strong>in</strong></span> <span class='ocrx_word' id='word_1_308' title='bbox 606 2944 710 2989; x_wconf 90' lang='lat' dir='ltr'><strong>unum</strong></span> <span class='ocrx_word' id='word_1_309' title='bbox 738 2922 921 2986; x_wconf 90' lang='lat' dir='ltr'><strong>dochmium</strong></span> <span class='ocrx_word' id='word_1_310' title='bbox 949 2924 1169 3006; x_wconf 85' lang='lat' dir='ltr'><strong>coagmentari.</strong></span> <span class='ocrx_word' id='word_1_311' title='bbox 1214 2923 1328 3006; x_wconf 88' lang='lat' dir='ltr'><strong>Itaque</strong></span> <span class='ocrx_word' id='word_1_312' title='bbox 1356 2943 1453 3006; x_wconf 91' lang='lat' dir='ltr'><strong>quem</strong></span> <span class='ocrx_word' id='word_1_313' title='bbox 1481 2924 1519 2988; x_wconf 90' lang='lat' dir='ltr'><strong>ad</strong></span> <span class='ocrx_word' id='word_1_314' title='bbox 1548 2925 1689 2988; x_wconf 90' lang='lat' dir='ltr'><strong>ordinem</strong></span> <span class='ocrx_word' id='word_1_315' title='bbox 1717 2925 1795 2988; x_wconf 90' lang='lat' dir='ltr'><strong>haec</strong></span> <span class='ocrx_word' id='word_1_316' title='bbox 1822 2922 1918 2986; x_wconf 86' lang='lat' dir='ltr'><strong>verba</strong></span> <span class='ocrx_word' id='word_1_317' title='bbox 1947 2923 1980 2985; x_wconf 90' lang='lat' dir='ltr'><strong>in</strong></span> <span class='ocrx_word' id='word_1_318' title='bbox 2014 2922 2121 2985; x_wconf 88' lang='lat' dir='ltr'><strong>codice</strong></span> 
     </span>
     <span class='ocr_line' id='line_1_25' title="bbox 317 3028 2121 3116; baseline -0.004 -19"><span class='ocrx_word' id='word_1_319' title='bbox 317 3034 483 3098; x_wconf 70' lang='lat' dir='ltr'><strong>medentur</strong></span> <span class='ocrx_word' id='word_1_320' title='bbox 505 3038 536 3096; x_wconf 92' lang='lat' dir='ltr'><strong>et</strong></span> <span class='ocrx_word' id='word_1_321' title='bbox 558 3035 749 3116; x_wconf 89' lang='lat' dir='ltr'><strong>repetantur,</strong></span> <span class='ocrx_word' id='word_1_322' title='bbox 772 3031 799 3094; x_wconf 92' lang='lat' dir='ltr'><strong>si</strong></span> <span class='ocrx_word' id='word_1_323' title='bbox 823 3031 896 3113; x_wconf 93' lang='lat' dir='ltr'><strong>quis</strong></span> <span class='ocrx_word' id='word_1_324' title='bbox 919 3029 1140 3092; x_wconf 88' lang='lat' dir='ltr'><strong>diiudicaverit</strong></span> <span class='ocrx_word' id='word_1_325' title='bbox 1157 3028 1246 3093; x_wconf 91' lang='lat' dir='ltr'><strong>nulla</strong></span> <span class='ocrx_word' id='word_1_326' title='bbox 1265 3029 1302 3093; x_wconf 91' lang='lat' dir='ltr'><strong>dc</strong></span> <span class='ocrx_word' id='word_1_327' title='bbox 1321 3029 1467 3094; x_wconf 86' lang='lat' dir='ltr'><strong>versibus</strong></span> <span class='ocrx_word' id='word_1_328' title='bbox 1487 3031 1721 3115; x_wconf 90' lang='lat' dir='ltr'><strong>antistrophicia</strong></span> <span class='ocrx_word' id='word_1_329' title='bbox 1740 3031 1889 3114; x_wconf 90' lang='lat' dir='ltr'><strong>opinione</strong></span> <span class='ocrx_word' id='word_1_330' title='bbox 1908 3034 2121 3113; x_wconf 84' lang='lat' dir='ltr'><strong>praesumpta,</strong></span> 
     </span>
     <span class='ocr_line' id='line_1_26' title="bbox 318 3135 2120 3220; baseline -0.002 -18"><span class='ocrx_word' id='word_1_331' title='bbox 318 3141 346 3204; x_wconf 90' lang='lat' dir='ltr'><strong>ei</strong></span> <span class='ocrx_word' id='word_1_332' title='bbox 375 3137 509 3202; x_wconf 91' lang='lat' dir='ltr'><strong>dubium</strong></span> <span class='ocrx_word' id='word_1_333' title='bbox 539 3156 608 3202; x_wconf 88' lang='lat' dir='ltr'><strong>csse</strong></span> <span class='ocrx_word' id='word_1_334' title='bbox 635 3155 699 3200; x_wconf 90' lang='lat' dir='ltr'><strong>non</strong></span> <span class='ocrx_word' id='word_1_335' title='bbox 728 3137 854 3220; x_wconf 89' lang='lat' dir='ltr'><strong>poterit,</strong></span> <span class='ocrx_word' id='word_1_336' title='bbox 887 3137 966 3219; x_wconf 91' lang='lat' dir='ltr'><strong>quin</strong></span> <span class='ocrx_word' id='word_1_337' title='bbox 993 3137 1028 3198; x_wconf 90' lang='lat' dir='ltr'><strong>in</strong></span> <span class='ocrx_word' id='word_1_338' title='bbox 1055 3154 1092 3198; x_wconf 91' lang='lat' dir='ltr'><strong>co</strong></span> <span class='ocrx_word' id='word_1_339' title='bbox 1121 3142 1288 3219; x_wconf 89' lang='lat' dir='ltr'><strong>paccatum</strong></span> <span class='ocrx_word' id='word_1_340' title='bbox 1315 3137 1357 3200; x_wconf 88' lang='lat' dir='ltr'><strong>sit</strong></span> <span class='ocrx_word' id='word_1_341' title='bbox 1384 3135 1422 3199; x_wconf 92' lang='lat' dir='ltr'><strong>ab</strong></span> <span class='ocrx_word' id='word_1_342' title='bbox 1450 3135 1591 3218; x_wconf 90' lang='lat' dir='ltr'><strong>librario,</strong></span> <span class='ocrx_word' id='word_1_343' title='bbox 1625 3136 1711 3219; x_wconf 93' lang='lat' dir='ltr'><strong>quod</strong></span> <span class='ocrx_word' id='word_1_344' title='bbox 1739 3136 1849 3217; x_wconf 83' lang='lat' dir='ltr'><strong>verba,</strong></span> <span class='ocrx_word' id='word_1_345' title='bbox 1877 3155 1959 3220; x_wconf 89' lang='lat' dir='ltr'><strong>quac</strong></span> <span class='ocrx_word' id='word_1_346' title='bbox 1989 3135 2055 3198; x_wconf 89' lang='lat' dir='ltr'><strong>sola</strong></span> <span class='ocrx_word' id='word_1_347' title='bbox 2083 3135 2120 3198; x_wconf 90' lang='lat' dir='ltr'><strong>ad</strong></span> 
     </span>
     <span class='ocr_line' id='line_1_27' title="bbox 317 3241 2120 3327; baseline -0.001 -21"><span class='ocrx_word' id='word_1_348' title='bbox 317 3265 446 3310; x_wconf 88' lang='lat' dir='ltr'><strong>versum</strong></span> <span class='ocrx_word' id='word_1_349' title='bbox 477 3245 539 3307; x_wconf 86' lang='lat'><strong>135</strong></span> <span class='ocrx_word' id='word_1_350' title='bbox 567 3245 699 3307; x_wconf 88' lang='lat' dir='ltr'><strong>attinere</strong></span> <span class='ocrx_word' id='word_1_351' title='bbox 722 3247 862 3326; x_wconf 88' lang='lat' dir='ltr'><strong>apparat,</strong></span> <span class='ocrx_word' id='word_1_352' title='bbox 890 3242 999 3306; x_wconf 90' lang='lat' dir='ltr'><strong>eadem</strong></span> <span class='ocrx_word' id='word_1_353' title='bbox 1021 3247 1094 3326; x_wconf 91' lang='lat' dir='ltr'><strong>post</strong></span> <span class='ocrx_word' id='word_1_354' title='bbox 1117 3261 1145 3304; x_wconf 87' lang='lat' dir='ltr'><strong>v.</strong></span> <span class='ocrx_word' id='word_1_355' title='bbox 1172 3243 1234 3305; x_wconf 88' lang='grc'><strong>139</strong></span> <span class='ocrx_word' id='word_1_356' title='bbox 1260 3245 1420 3326; x_wconf 74' lang='lat' dir='ltr'><strong>repetivit,</strong></span> <span class='ocrx_word' id='word_1_357' title='bbox 1451 3245 1571 3326; x_wconf 92' lang='lat' dir='ltr'><strong>quain</strong></span> <span class='ocrx_word' id='word_1_358' title='bbox 1599 3243 1798 3326; x_wconf 83' lang='lat' dir='ltr'><strong>neglegentia</strong></span> <span class='ocrx_word' id='word_1_359' title='bbox 1821 3243 2014 3327; x_wconf 87' lang='lat' dir='ltr'><strong>saepissime,</strong></span> <span class='ocrx_word' id='word_1_360' title='bbox 2038 3241 2066 3304; x_wconf 88' lang='lat' dir='ltr'><strong>si</strong></span> <span class='ocrx_word' id='word_1_361' title='bbox 2088 3242 2120 3304; x_wconf 88' lang='lat' dir='ltr'><strong>in</strong></span> 
     </span>
     <span class='ocr_line' id='line_1_28' title="bbox 317 3347 2120 3433; baseline -0.003 -18"><span class='ocrx_word' id='word_1_362' title='bbox 317 3351 476 3415; x_wconf 90' lang='lat' dir='ltr'><strong>eiusmodi</strong></span> <span class='ocrx_word' id='word_1_363' title='bbox 500 3351 644 3413; x_wconf 84' lang='lat' dir='ltr'><strong>minutiis</strong></span> <span class='ocrx_word' id='word_1_364' title='bbox 668 3367 796 3432; x_wconf 91' lang='lat' dir='ltr'><strong>operam</strong></span> <span class='ocrx_word' id='word_1_365' title='bbox 819 3353 851 3412; x_wconf 91' lang='lat' dir='ltr'><strong>et</strong></span> <span class='ocrx_word' id='word_1_366' title='bbox 872 3347 1013 3412; x_wconf 88' lang='lat' dir='ltr'><strong>laborem</strong></span> <span class='ocrx_word' id='word_1_367' title='bbox 1037 3367 1226 3412; x_wconf 88' lang='lat' dir='ltr'><strong>consumere</strong></span> <span class='ocrx_word' id='word_1_368' title='bbox 1248 3349 1337 3430; x_wconf 86' lang='lat' dir='ltr'><strong>velis,</strong></span> <span class='ocrx_word' id='word_1_369' title='bbox 1359 3349 1506 3433; x_wconf 87' lang='lat' dir='ltr'><strong>perfacile</strong></span> <span class='ocrx_word' id='word_1_370' title='bbox 1525 3349 1670 3414; x_wconf 87' lang='lat' dir='ltr'><strong>librarios</strong></span> <span class='ocrx_word' id='word_1_371' title='bbox 1689 3351 1866 3414; x_wconf 86' lang='lat' dir='ltr'><strong>convinces.</strong></span> <span class='ocrx_word' id='word_1_372' title='bbox 1903 3348 2018 3432; x_wconf 88' lang='lat' dir='ltr'><strong>Neque</strong></span> <span class='ocrx_word' id='word_1_373' title='bbox 2036 3348 2120 3412; x_wconf 89' lang='lat' dir='ltr'><strong>enim</strong></span> 
     </span>
     <span class='ocr_line' id='line_1_29' title="bbox 318 3453 2123 3538; baseline -0.002 -17"><span class='ocrx_word' id='word_1_374' title='bbox 318 3459 424 3521; x_wconf 89' lang='lat' dir='ltr'><strong>solum</strong></span> <span class='ocrx_word' id='word_1_375' title='bbox 448 3477 489 3521; x_wconf 82' lang='lat' dir='ltr'><strong>cx</strong></span> <span class='ocrx_word' id='word_1_376' title='bbox 512 3456 625 3519; x_wconf 89' lang='lat' dir='ltr'><strong>tradita</strong></span> <span class='ocrx_word' id='word_1_377' title='bbox 647 3455 761 3518; x_wconf 89' lang='lat' dir='ltr'><strong>horum</strong></span> <span class='ocrx_word' id='word_1_378' title='bbox 784 3473 937 3519; x_wconf 84' lang='lat' dir='ltr'><strong>versuum</strong></span> <span class='ocrx_word' id='word_1_379' title='bbox 962 3455 1117 3537; x_wconf 88' lang='lat' dir='ltr'><strong>scriptura</strong></span> <span class='ocrx_word' id='word_1_380' title='bbox 1139 3454 1283 3536; x_wconf 89' lang='lat' dir='ltr'><strong>efficitur,</strong></span> <span class='ocrx_word' id='word_1_381' title='bbox 1307 3453 1402 3518; x_wconf 86' lang='lat' dir='ltr'><strong>verba</strong></span> <span class='ocrx_word' id='word_1_382' title='bbox 1424 3455 1477 3518; x_wconf 90' lang='lat' dir='ltr'><strong>illa</strong></span> <span class='ocrx_word' id='word_1_383' title='bbox 1498 3453 1621 3538; x_wconf 83' lang='grc' dir='ltr'><em>Ἄρτεμι</em></span> <span class='ocrx_word' id='word_1_384' title='bbox 1639 3457 1724 3534; x_wconf 84' lang='grc' dir='ltr'><em>φιλα.</em></span> <span class='ocrx_word' id='word_1_385' title='bbox 1758 3459 1871 3517; x_wconf 67' lang='lat' dir='ltr'><strong>att!</strong></span> <span class='ocrx_word' id='word_1_386' title='bbox 1891 3454 1929 3519; x_wconf 88' lang='lat' dir='ltr'><strong>ab</strong></span> <span class='ocrx_word' id='word_1_387' title='bbox 1948 3455 2044 3518; x_wconf 89' lang='lat' dir='ltr'><strong>altero</strong></span> <span class='ocrx_word' id='word_1_388' title='bbox 2063 3455 2123 3518; x_wconf 89' lang='lat' dir='ltr'><strong>hoo</strong></span> 
     </span>
     <span class='ocr_line' id='line_1_30' title="bbox 317 3559 2123 3647; baseline 0 -21"><span class='ocrx_word' id='word_1_389' title='bbox 317 3564 386 3627; x_wconf 92' lang='lat' dir='ltr'><strong>loco</strong></span> <span class='ocrx_word' id='word_1_390' title='bbox 409 3563 512 3626; x_wconf 90' lang='lat' dir='ltr'><strong>aliena</strong></span> <span class='ocrx_word' id='word_1_391' title='bbox 534 3580 619 3642; x_wconf 90' lang='lat' dir='ltr'><strong>esse,</strong></span> <span class='ocrx_word' id='word_1_392' title='bbox 645 3579 758 3624; x_wconf 83' lang='lat' dir='ltr'><strong>verum</strong></span> <span class='ocrx_word' id='word_1_393' title='bbox 787 3563 881 3624; x_wconf 90' lang='lat' dir='ltr'><strong>etiam</strong></span> <span class='ocrx_word' id='word_1_394' title='bbox 903 3559 992 3642; x_wconf 88' lang='lat' dir='ltr'><strong>inde,</strong></span> <span class='ocrx_word' id='word_1_395' title='bbox 1020 3560 1106 3644; x_wconf 92' lang='lat' dir='ltr'><strong>quod</strong></span> <span class='ocrx_word' id='word_1_396' title='bbox 1134 3581 1174 3626; x_wconf 83' lang='lat' dir='ltr'><strong>cx</strong></span> <span class='ocrx_word' id='word_1_397' title='bbox 1202 3562 1290 3626; x_wconf 90' lang='lat' dir='ltr'><strong>verbi</strong></span> <span class='ocrx_word' id='word_1_398' title='bbox 1314 3563 1523 3642; x_wconf 76' lang='grc' dir='ltr'><em>ἐπιμαίνεται</em></span> <span class='ocrx_word' id='word_1_399' title='bbox 1545 3564 1710 3647; x_wconf 87' lang='lat' dir='ltr'><strong>compositi</strong></span> <span class='ocrx_word' id='word_1_400' title='bbox 1734 3562 1963 3646; x_wconf 83' lang='lat' dir='ltr'><strong>significatione</strong></span> <span class='ocrx_word' id='word_1_401' title='bbox 1987 3567 2018 3626; x_wconf 88' lang='lat' dir='ltr'><strong>et</strong></span> <span class='ocrx_word' id='word_1_402' title='bbox 2042 3579 2123 3646; x_wconf 86' lang='lat' dir='ltr'><strong>quae</strong></span> 
     </span>
     <span class='ocr_line' id='line_1_31' title="bbox 319 3668 2123 3753; baseline -0.002 -19"><span class='ocrx_word' id='word_1_403' title='bbox 319 3669 510 3734; x_wconf 87' lang='lat' dir='ltr'><strong>antecedunt</strong></span> <span class='ocrx_word' id='word_1_404' title='bbox 542 3673 573 3732; x_wconf 89' lang='lat' dir='ltr'><strong>et</strong></span> <span class='ocrx_word' id='word_1_405' title='bbox 610 3687 692 3750; x_wconf 92' lang='lat' dir='ltr'><strong>quae</strong></span> <span class='ocrx_word' id='word_1_406' title='bbox 725 3673 906 3751; x_wconf 90' lang='lat' dir='ltr'><strong>sequuntur</strong></span> <span class='ocrx_word' id='word_1_407' title='bbox 937 3668 1109 3732; x_wconf 87' lang='lat' dir='ltr'><strong>sententias</strong></span> <span class='ocrx_word' id='word_1_408' title='bbox 1141 3673 1206 3732; x_wconf 90' lang='lat' dir='ltr'><strong>tam</strong></span> <span class='ocrx_word' id='word_1_409' title='bbox 1238 3675 1304 3732; x_wconf 89' lang='lat' dir='ltr'><strong>arte</strong></span> <span class='ocrx_word' id='word_1_410' title='bbox 1336 3668 1503 3734; x_wconf 90' lang='lat' dir='ltr'><strong>cohaerere</strong></span> <span class='ocrx_word' id='word_1_411' title='bbox 1529 3669 1738 3753; x_wconf 87' lang='lat' dir='ltr'><strong>intellegitur,</strong></span> <span class='ocrx_word' id='word_1_412' title='bbox 1768 3676 1806 3734; x_wconf 87' lang='lat' dir='ltr'><strong>ut</strong></span> <span class='ocrx_word' id='word_1_413' title='bbox 1837 3669 1907 3733; x_wconf 89' lang='lat' dir='ltr'><strong>aliis</strong></span> <span class='ocrx_word' id='word_1_414' title='bbox 1934 3669 2123 3752; x_wconf 87' lang='lat' dir='ltr'><strong>interrumpi</strong></span> 
     </span>
     <span class='ocr_line' id='line_1_32' title="bbox 318 3773 2121 3860; baseline -0.002 -21"><span class='ocrx_word' id='word_1_415' title='bbox 318 3795 381 3839; x_wconf 90' lang='lat' dir='ltr'><strong>non</strong></span> <span class='ocrx_word' id='word_1_416' title='bbox 414 3777 544 3860; x_wconf 91' lang='lat' dir='ltr'><strong>possint</strong></span> <span class='ocrx_word' id='word_1_417' title='bbox 595 3773 699 3850; x_wconf 81' lang='lat' dir='ltr'><strong>Quare</strong></span> <span class='ocrx_word' id='word_1_418' title='bbox 732 3775 808 3857; x_wconf 90' lang='lat' dir='ltr'><strong>quia</strong></span> <span class='ocrx_word' id='word_1_419' title='bbox 830 3773 893 3837; x_wconf 90' lang='lat' dir='ltr'><strong>illis</strong></span> <span class='ocrx_word' id='word_1_420' title='bbox 924 3774 1136 3858; x_wconf 88' lang='lat' dir='ltr'><strong>antistrophac</strong></span> <span class='ocrx_word' id='word_1_421' title='bbox 1171 3775 1277 3840; x_wconf 75' lang='lat' dir='ltr'><strong>uerbis</strong></span> <span class='ocrx_word' id='word_1_422' title='bbox 1309 3773 1364 3837; x_wconf 80' lang='grc' dir='ltr'><strong>καὶ</strong></span> <span class='ocrx_word' id='word_1_423' title='bbox 1397 3775 1512 3837; x_wconf 86' lang='grc' dir='ltr'><em>Διόθεν</em></span> <span class='ocrx_word' id='word_1_424' title='bbox 1543 3777 1623 3841; x_wconf 91' lang='lat' dir='ltr'><strong>nihil</strong></span> <span class='ocrx_word' id='word_1_425' title='bbox 1654 3777 1717 3839; x_wconf 89' lang='lat' dir='ltr'><strong>iam</strong></span> <span class='ocrx_word' id='word_1_426' title='bbox 1751 3776 1838 3858; x_wconf 94' lang='lat' dir='ltr'><strong>quod</strong></span> <span class='ocrx_word' id='word_1_427' title='bbox 1870 3776 2058 3860; x_wconf 89' lang='lat' dir='ltr'><strong>respondeat</strong></span> <span class='ocrx_word' id='word_1_428' title='bbox 2088 3776 2121 3837; x_wconf 88' lang='lat' dir='ltr'><strong>in</strong></span> 
     </span>
     <span class='ocr_line' id='line_1_33' title="bbox 317 3880 2122 3967; baseline -0.003 -21"><span class='ocrx_word' id='word_1_429' title='bbox 317 3885 386 3966; x_wconf 89' lang='lat' dir='ltr'><strong>ipsa</strong></span> <span class='ocrx_word' id='word_1_430' title='bbox 400 3883 529 3967; x_wconf 89' lang='lat' dir='ltr'><strong>stropha</strong></span> <span class='ocrx_word' id='word_1_431' title='bbox 541 3883 713 3963; x_wconf 85' lang='lat' dir='ltr'><strong>invenitur,</strong></span> <span class='ocrx_word' id='word_1_432' title='bbox 731 3881 806 3944; x_wconf 92' lang='lat' dir='ltr'><strong>hinc</strong></span> <span class='ocrx_word' id='word_1_433' title='bbox 820 3899 902 3943; x_wconf 86' lang='lat' dir='ltr'><strong>nova</strong></span> <span class='ocrx_word' id='word_1_434' title='bbox 921 3880 1046 3944; x_wconf 84' lang='lat' dir='ltr'><strong>exsistit</strong></span> <span class='ocrx_word' id='word_1_435' title='bbox 1064 3881 1102 3944; x_wconf 91' lang='lat' dir='ltr'><strong>de</strong></span> <span class='ocrx_word' id='word_1_436' title='bbox 1120 3881 1179 3944; x_wconf 92' lang='lat' dir='ltr'><strong>hcc</strong></span> <span class='ocrx_word' id='word_1_437' title='bbox 1198 3883 1356 3946; x_wconf 90' lang='lat' dir='ltr'><strong>enuntiati</strong></span> <span class='ocrx_word' id='word_1_438' title='bbox 1375 3883 1543 3946; x_wconf 91' lang='lat' dir='ltr'><strong>cuiusdam</strong></span> <span class='ocrx_word' id='word_1_439' title='bbox 1561 3883 1738 3966; x_wconf 86' lang='lat' dir='ltr'><strong>fragmento</strong></span> <span class='ocrx_word' id='word_1_440' title='bbox 1758 3881 1924 3946; x_wconf 86' lang='lat' dir='ltr'><strong>dubitandi</strong></span> <span class='ocrx_word' id='word_1_441' title='bbox 1942 3882 2122 3946; x_wconf 88' lang='lat' dir='ltr'><strong>necessitas.</strong></span> 
     </span>
     <span class='ocr_line' id='line_1_34' title="bbox 317 3985 2122 4072; baseline -0.002 -20"><span class='ocrx_word' id='word_1_442' title='bbox 317 3989 450 4053; x_wconf 88' lang='lat' dir='ltr'><strong>Accedit</strong></span> <span class='ocrx_word' id='word_1_443' title='bbox 478 3986 564 4072; x_wconf 93' lang='lat' dir='ltr'><strong>quod</strong></span> <span class='ocrx_word' id='word_1_444' title='bbox 591 3989 660 4070; x_wconf 89' lang='lat' dir='ltr'><strong>ipsa</strong></span> <span class='ocrx_word' id='word_1_445' title='bbox 682 3988 759 4050; x_wconf 92' lang='lat' dir='ltr'><strong>haec</strong></span> <span class='ocrx_word' id='word_1_446' title='bbox 781 3985 877 4050; x_wconf 85' lang='lat' dir='ltr'><strong>verba</strong></span> <span class='ocrx_word' id='word_1_447' title='bbox 900 3987 1059 4069; x_wconf 91' lang='lat' dir='ltr'><strong>quomodo</strong></span> <span class='ocrx_word' id='word_1_448' title='bbox 1083 4007 1157 4051; x_wconf 90' lang='lat' dir='ltr'><strong>cum</strong></span> <span class='ocrx_word' id='word_1_449' title='bbox 1179 3990 1334 4072; x_wconf 79' lang='lat' dir='ltr'><strong>proximis</strong></span> <span class='ocrx_word' id='word_1_450' title='bbox 1357 3989 1594 4070; x_wconf 77' lang='lat' dir='ltr'><strong>coniungantur</strong></span> <span class='ocrx_word' id='word_1_451' title='bbox 1616 3990 1671 4050; x_wconf 85' lang='lat' dir='ltr'><strong>vix</strong></span> <span class='ocrx_word' id='word_1_452' title='bbox 1695 3989 1870 4072; x_wconf 89' lang='lat' dir='ltr'><strong>quisquam</strong></span> <span class='ocrx_word' id='word_1_453' title='bbox 1893 3988 2010 4052; x_wconf 84' lang='lat' dir='ltr'><strong>dixerit</strong></span> <span class='ocrx_word' id='word_1_454' title='bbox 2032 3987 2122 4049; x_wconf 90' lang='lat' dir='ltr'><strong>item·</strong></span> 
     </span>
     <span class='ocr_line' id='line_1_35' title="bbox 318 4091 2122 4179; baseline -0.002 -21"><span class='ocrx_word' id='word_1_455' title='bbox 318 4114 381 4178; x_wconf 89' lang='lat' dir='ltr'><strong>qne</strong></span> <span class='ocrx_word' id='word_1_456' title='bbox 404 4103 542 4159; x_wconf 89' lang='lat' dir='ltr'><strong>metrum</strong></span> <span class='ocrx_word' id='word_1_457' title='bbox 566 4093 670 4178; x_wconf 87' lang='lat' dir='ltr'><strong>arguit</strong></span> <span class='ocrx_word' id='word_1_458' title='bbox 693 4091 731 4154; x_wconf 91' lang='lat' dir='ltr'><strong>ab</strong></span> <span class='ocrx_word' id='word_1_459' title='bbox 755 4091 905 4156; x_wconf 87' lang='lat' dir='ltr'><strong>hocloco</strong></span> <span class='ocrx_word' id='word_1_460' title='bbox 929 4111 998 4158; x_wconf 90' lang='lat' dir='ltr'><strong>esse</strong></span> <span class='ocrx_word' id='word_1_461' title='bbox 1022 4093 1131 4158; x_wconf 86' lang='lat' dir='ltr'><strong>aliena</strong></span> <span class='ocrx_word' id='word_1_462' title='bbox 1169 4093 1253 4169; x_wconf 82' lang='lat' dir='ltr'><strong>Quid</strong></span> <span class='ocrx_word' id='word_1_463' title='bbox 1276 4096 1303 4158; x_wconf 91' lang='lat' dir='ltr'><strong>si</strong></span> <span class='ocrx_word' id='word_1_464' title='bbox 1324 4094 1404 4158; x_wconf 89' lang='lat' dir='ltr'><strong>illud</strong></span> <span class='ocrx_word' id='word_1_465' title='bbox 1429 4095 1524 4158; x_wconf 89' lang='lat' dir='ltr'><strong>etiam</strong></span> <span class='ocrx_word' id='word_1_466' title='bbox 1546 4093 1661 4160; x_wconf 88' lang='lat' dir='ltr'><strong>addere</strong></span> <span class='ocrx_word' id='word_1_467' title='bbox 1684 4115 1868 4179; x_wconf 89' lang='lat' dir='ltr'><strong>possumus,</strong></span> <span class='ocrx_word' id='word_1_468' title='bbox 1891 4092 1977 4176; x_wconf 92' lang='lat' dir='ltr'><strong>quod</strong></span> <span class='ocrx_word' id='word_1_469' title='bbox 1999 4093 2122 4176; x_wconf 87' lang='lat' dir='ltr'><strong>primus</strong></span> 
     </span>
     <span class='ocr_line' id='line_1_36' title="bbox 317 4197 2123 4285; baseline -0.002 -21"><span class='ocrx_word' id='word_1_470' title='bbox 317 4205 356 4264; x_wconf 93' lang='lat' dir='ltr'><strong>A.</strong></span> <span class='ocrx_word' id='word_1_471' title='bbox 379 4201 585 4266; x_wconf 88' lang='lat' dir='ltr'><strong>Ludwichius</strong></span> <span class='ocrx_word' id='word_1_472' title='bbox 614 4199 748 4280; x_wconf 84' lang='lat' dir='ltr'><strong>detexit,</strong></span> <span class='ocrx_word' id='word_1_473' title='bbox 774 4218 814 4262; x_wconf 91' lang='lat' dir='ltr'><strong>ne</strong></span> <span class='ocrx_word' id='word_1_474' title='bbox 845 4199 985 4282; x_wconf 90' lang='lat' dir='ltr'><strong>reliquas</strong></span> <span class='ocrx_word' id='word_1_475' title='bbox 1015 4201 1159 4281; x_wconf 92' lang='lat' dir='ltr'><strong>quidem,</strong></span> <span class='ocrx_word' id='word_1_476' title='bbox 1187 4220 1269 4283; x_wconf 90' lang='lat' dir='ltr'><strong>quae</strong></span> <span class='ocrx_word' id='word_1_477' title='bbox 1295 4201 1329 4263; x_wconf 92' lang='lat' dir='ltr'><strong>in</strong></span> <span class='ocrx_word' id='word_1_478' title='bbox 1357 4200 1417 4264; x_wconf 96' lang='lat' dir='ltr'><strong>hoc</strong></span> <span class='ocrx_word' id='word_1_479' title='bbox 1445 4199 1645 4283; x_wconf 89' lang='lat' dir='ltr'><strong>stropharum</strong></span> <span class='ocrx_word' id='word_1_480' title='bbox 1674 4203 1739 4285; x_wconf 91' lang='lat' dir='ltr'><strong>pari</strong></span> <span class='ocrx_word' id='word_1_481' title='bbox 1767 4200 1971 4282; x_wconf 84' lang='lat' dir='ltr'><strong>interpositae</strong></span> <span class='ocrx_word' id='word_1_482' title='bbox 1994 4197 2123 4262; x_wconf 89' lang='lat' dir='ltr'><strong>tradun-</strong></span> 
     </span>
     <span class='ocr_line' id='line_1_37' title="bbox 317 4298 2122 4388; baseline -0.002 -18"><span class='ocrx_word' id='word_1_483' title='bbox 317 4313 385 4388; x_wconf 89' lang='lat' dir='ltr'><strong>tur,</strong></span> <span class='ocrx_word' id='word_1_484' title='bbox 412 4308 544 4372; x_wconf 89' lang='lat' dir='ltr'><strong>deorum</strong></span> <span class='ocrx_word' id='word_1_485' title='bbox 572 4307 789 4371; x_wconf 83' lang='lat' dir='ltr'><strong>invocationes</strong></span> <span class='ocrx_word' id='word_1_486' title='bbox 817 4325 846 4366; x_wconf 89' lang='lat' dir='ltr'><strong>v.</strong></span> <span class='ocrx_word' id='word_1_487' title='bbox 873 4305 934 4368; x_wconf 83' lang='lat'><strong>137</strong></span> <span class='ocrx_word' id='word_1_488' title='bbox 963 4298 987 4365; x_wconf 84' lang='grc' dir='ltr'><em>ὦ</em></span> <span class='ocrx_word' id='word_1_489' title='bbox 1015 4303 1125 4367; x_wconf 88' lang='grc' dir='ltr'><em>πότνια</em></span> <span class='ocrx_word' id='word_1_490' title='bbox 1143 4305 1225 4386; x_wconf 87' lang='grc' dir='ltr'><strong>Ἥρη</strong></span> <span class='ocrx_word' id='word_1_491' title='bbox 1253 4312 1339 4370; x_wconf 89' lang='lat' dir='ltr'><strong>etv.</strong></span> <span class='ocrx_word' id='word_1_492' title='bbox 1367 4309 1428 4370; x_wconf 84' lang='lat'><strong>145</strong></span> <span class='ocrx_word' id='word_1_493' title='bbox 1452 4299 1558 4384; x_wconf 77' lang='grc' dir='ltr'><em>ὦφλλ·</em></span> <span class='ocrx_word' id='word_1_494' title='bbox 1586 4305 1734 4368; x_wconf 83' lang='grc' dir='ltr'><em>Ἄπολλον</em></span> <span class='ocrx_word' id='word_1_495' title='bbox 1761 4326 1819 4370; x_wconf 88' lang='lat' dir='ltr'><strong>suo</strong></span> <span class='ocrx_word' id='word_1_496' title='bbox 1847 4305 1917 4369; x_wconf 89' lang='lat' dir='ltr'><strong>loco</strong></span> <span class='ocrx_word' id='word_1_497' title='bbox 1941 4307 2032 4370; x_wconf 84' lang='lat' dir='ltr'><strong>esse?</strong></span> <span class='ocrx_word' id='word_1_498' title='bbox 2060 4307 2122 4370; x_wconf 88' lang='lat' dir='ltr'><strong>nisi</strong></span> 
     </span>
     <span class='ocr_line' id='line_1_38' title="bbox 318 4411 2120 4497; baseline -0.001 -21"><span class='ocrx_word' id='word_1_499' title='bbox 318 4432 394 4477; x_wconf 87' lang='lat' dir='ltr'><strong>vero</strong></span> <span class='ocrx_word' id='word_1_500' title='bbox 421 4433 479 4497; x_wconf 92' lang='lat' dir='ltr'><strong>pro</strong></span> <span class='ocrx_word' id='word_1_501' title='bbox 507 4413 726 4478; x_wconf 86' lang='lat' dir='ltr'><strong>testationibus</strong></span> <span class='ocrx_word' id='word_1_502' title='bbox 755 4433 791 4476; x_wconf 93' lang='lat' dir='ltr'><strong>ac</strong></span> <span class='ocrx_word' id='word_1_503' title='bbox 814 4431 877 4475; x_wconf 89' lang='lat' dir='ltr'><strong>non</strong></span> <span class='ocrx_word' id='word_1_504' title='bbox 901 4432 957 4496; x_wconf 91' lang='lat' dir='ltr'><strong>pro</strong></span> <span class='ocrx_word' id='word_1_505' title='bbox 982 4412 1242 4477; x_wconf 87' lang='lat' dir='ltr'><strong>obtestationibus</strong></span> <span class='ocrx_word' id='word_1_506' title='bbox 1265 4413 1317 4477; x_wconf 91' lang='lat' dir='ltr'><strong>vel</strong></span> <span class='ocrx_word' id='word_1_507' title='bbox 1339 4413 1615 4497; x_wconf 90' lang='lat' dir='ltr'><strong>implorationibus</strong></span> <span class='ocrx_word' id='word_1_508' title='bbox 1637 4414 1746 4491; x_wconf 88' lang='lat' dir='ltr'><strong>habes,</strong></span> <span class='ocrx_word' id='word_1_509' title='bbox 1776 4411 1862 4496; x_wconf 93' lang='lat' dir='ltr'><strong>quod</strong></span> <span class='ocrx_word' id='word_1_510' title='bbox 1889 4412 1927 4475; x_wconf 93' lang='lat' dir='ltr'><strong>ab</strong></span> <span class='ocrx_word' id='word_1_511' title='bbox 1950 4411 2120 4477; x_wconf 86' lang='lat' dir='ltr'><strong>verborum</strong></span> 
     </span>
     <span class='ocr_line' id='line_1_39' title="bbox 317 4518 2123 4604; baseline -0.001 -21"><span class='ocrx_word' id='word_1_512' title='bbox 317 4523 469 4583; x_wconf 84' lang='lat' dir='ltr'><strong>contextu</strong></span> <span class='ocrx_word' id='word_1_513' title='bbox 498 4525 530 4582; x_wconf 92' lang='lat' dir='ltr'><strong>et</strong></span> <span class='ocrx_word' id='word_1_514' title='bbox 557 4521 764 4584; x_wconf 86' lang='lat' dir='ltr'><strong>continuitate</strong></span> <span class='ocrx_word' id='word_1_515' title='bbox 792 4518 958 4584; x_wconf 87' lang='lat' dir='ltr'><strong>abhorrere</strong></span> <span class='ocrx_word' id='word_1_516' title='bbox 986 4520 1120 4585; x_wconf 90' lang='lat' dir='ltr'><strong>videtur.</strong></span> <span class='ocrx_word' id='word_1_517' title='bbox 1165 4518 1248 4583; x_wconf 87' lang='lat' dir='ltr'><strong>Nam</strong></span> <span class='ocrx_word' id='word_1_518' title='bbox 1276 4518 1707 4604; x_wconf 90' lang='lat' dir='ltr'><strong>ipsequoqueDindcrfius</strong></span> <span class='ocrx_word' id='word_1_519' title='bbox 1731 4519 1841 4583; x_wconf 88' lang='lat' dir='ltr'><strong>dehis</strong></span> <span class='ocrx_word' id='word_1_520' title='bbox 1865 4518 1960 4583; x_wconf 88' lang='lat' dir='ltr'><strong>rebus</strong></span> <span class='ocrx_word' id='word_1_521' title='bbox 1984 4519 2123 4602; x_wconf 88' lang='lat' dir='ltr'><strong>disputat</strong></span> 
     </span>
     <span class='ocr_line' id='line_1_40' title="bbox 316 4625 2122 4710; baseline -0.001 -21"><span class='ocrx_word' id='word_1_522' title='bbox 316 4628 350 4690; x_wconf 92' lang='lat' dir='ltr'><strong>in</strong></span> <span class='ocrx_word' id='word_1_523' title='bbox 373 4627 461 4690; x_wconf 91' lang='lat' dir='ltr'><strong>hunc</strong></span> <span class='ocrx_word' id='word_1_524' title='bbox 484 4625 548 4688; x_wconf 83' lang='lat' dir='ltr'><strong>fare</strong></span> <span class='ocrx_word' id='word_1_525' title='bbox 570 4627 715 4690; x_wconf 88' lang='lat' dir='ltr'><strong>modum:</strong></span> <span class='ocrx_word' id='word_1_526' title='bbox 740 4627 914 4710; x_wconf 89' lang='lat' dir='ltr'><strong>permirum</strong></span> <span class='ocrx_word' id='word_1_527' title='bbox 934 4643 1005 4690; x_wconf 87' lang='lat' dir='ltr'><strong>esse</strong></span> <span class='ocrx_word' id='word_1_528' title='bbox 1023 4625 1191 4706; x_wconf 91' lang='lat' dir='ltr'><strong>Iunonem,</strong></span> <span class='ocrx_word' id='word_1_529' title='bbox 1214 4625 1301 4690; x_wconf 89' lang='lat' dir='ltr'><strong>Iovis</strong></span> <span class='ocrx_word' id='word_1_530' title='bbox 1319 4627 1497 4709; x_wconf 87' lang='lat' dir='ltr'><strong>coniugem,</strong></span> <span class='ocrx_word' id='word_1_531' title='bbox 1519 4627 1579 4692; x_wconf 91' lang='lat' dir='ltr'><strong>hoc</strong></span> <span class='ocrx_word' id='word_1_532' title='bbox 1597 4647 1663 4691; x_wconf 88' lang='lat' dir='ltr'><strong>uno</strong></span> <span class='ocrx_word' id='word_1_533' title='bbox 1682 4627 1830 4690; x_wconf 89' lang='lat' dir='ltr'><strong>carminis</strong></span> <span class='ocrx_word' id='word_1_534' title='bbox 1849 4626 1917 4689; x_wconf 95' lang='lat' dir='ltr'><strong>loco</strong></span> <span class='ocrx_word' id='word_1_535' title='bbox 1936 4625 2122 4710; x_wconf 86' lang='lat' dir='ltr'><strong>appellatam</strong></span> 
     </span>
     <span class='ocr_line' id='line_1_41' title="bbox 317 4724 2123 4818; baseline -0.001 -21"><span class='ocrx_word' id='word_1_536' title='bbox 317 4753 382 4797; x_wconf 92' lang='lat' dir='ltr'><strong>non</strong></span> <span class='ocrx_word' id='word_1_537' title='bbox 414 4731 560 4815; x_wconf 88' lang='lat' dir='ltr'><strong>pluribus</strong></span> <span class='ocrx_word' id='word_1_538' title='bbox 594 4752 689 4814; x_wconf 91' lang='lat' dir='ltr'><strong>quam</strong></span> <span class='ocrx_word' id='word_1_539' title='bbox 723 4733 825 4797; x_wconf 85' lang='lat' dir='ltr'><strong>tribus</strong></span> <span class='ocrx_word' id='word_1_540' title='bbox 856 4731 961 4796; x_wconf 76' lang='lat' dir='ltr'><strong>verbis</strong></span> <span class='ocrx_word' id='word_1_541' title='bbox 992 4724 1152 4793; x_wconf 84' lang='grc' dir='ltr'><em>ὧπότνια</em></span> <span class='ocrx_word' id='word_1_542' title='bbox 1169 4731 1251 4812; x_wconf 88' lang='grc' dir='ltr'><strong>Ἥρη</strong></span> <span class='ocrx_word' id='word_1_543' title='bbox 1278 4734 1434 4815; x_wconf 84' lang='lat' dir='ltr'><strong>invocari,</strong></span> <span class='ocrx_word' id='word_1_544' title='bbox 1460 4740 1492 4797; x_wconf 91' lang='lat' dir='ltr'><strong>et</strong></span> <span class='ocrx_word' id='word_1_545' title='bbox 1518 4737 1562 4798; x_wconf 86' lang='lat' dir='ltr'><strong>ita</strong></span> <span class='ocrx_word' id='word_1_546' title='bbox 1590 4735 1734 4818; x_wconf 89' lang='lat' dir='ltr'><strong>quidem,</strong></span> <span class='ocrx_word' id='word_1_547' title='bbox 1757 4739 1794 4796; x_wconf 94' lang='lat' dir='ltr'><strong>ut</strong></span> <span class='ocrx_word' id='word_1_548' title='bbox 1820 4733 1890 4796; x_wconf 90' lang='lat' dir='ltr'><strong>eius</strong></span> <span class='ocrx_word' id='word_1_549' title='bbox 1912 4734 2035 4796; x_wconf 91' lang='lat' dir='ltr'><strong>nomini</strong></span> <span class='ocrx_word' id='word_1_550' title='bbox 2058 4752 2123 4796; x_wconf 92' lang='lat' dir='ltr'><strong>non</strong></span> 
     </span>
     <span class='ocr_line' id='line_1_42' title="bbox 317 4838 2123 4924; baseline -0.001 -21"><span class='ocrx_word' id='word_1_551' title='bbox 317 4839 421 4923; x_wconf 85' lang='lat' dir='ltr'><strong>magis</strong></span> <span class='ocrx_word' id='word_1_552' title='bbox 445 4857 541 4922; x_wconf 90' lang='lat' dir='ltr'><strong>quam</strong></span> <span class='ocrx_word' id='word_1_553' title='bbox 564 4839 725 4921; x_wconf 89' lang='lat' dir='ltr'><strong>Apollinis</strong></span> <span class='ocrx_word' id='word_1_554' title='bbox 749 4840 783 4902; x_wconf 92' lang='lat' dir='ltr'><strong>in</strong></span> <span class='ocrx_word' id='word_1_555' title='bbox 806 4857 902 4904; x_wconf 82' lang='lat' dir='ltr'><strong>vorsu</strong></span> <span class='ocrx_word' id='word_1_556' title='bbox 925 4839 1149 4922; x_wconf 91' lang='lat' dir='ltr'><strong>antistrophico</strong></span> <span class='ocrx_word' id='word_1_557' title='bbox 1173 4839 1294 4923; x_wconf 87' lang='lat' dir='ltr'><strong>ahquot</strong></span> <span class='ocrx_word' id='word_1_558' title='bbox 1316 4840 1535 4923; x_wconf 84' lang='lat' dir='ltr'><strong>adiungantur</strong></span> <span class='ocrx_word' id='word_1_559' title='bbox 1557 4838 1661 4920; x_wconf 81' lang='lat' dir='ltr'><strong>rerba,</strong></span> <span class='ocrx_word' id='word_1_560' title='bbox 1685 4838 1802 4924; x_wconf 91' lang='lat' dir='ltr'><strong>quibus</strong></span> <span class='ocrx_word' id='word_1_561' title='bbox 1826 4841 1995 4922; x_wconf 89' lang='lat' dir='ltr'><strong>utriusque</strong></span> <span class='ocrx_word' id='word_1_562' title='bbox 2018 4841 2123 4904; x_wconf 89' lang='lat' dir='ltr'><strong>numi-</strong></span> 
     </span>
     <span class='ocr_line' id='line_1_43' title="bbox 318 4944 2123 5029; baseline 0.001 -20"><span class='ocrx_word' id='word_1_563' title='bbox 318 4947 369 5009; x_wconf 90' lang='lat' dir='ltr'><strong>nis</strong></span> <span class='ocrx_word' id='word_1_564' title='bbox 396 4945 556 5008; x_wconf 85' lang='lat' dir='ltr'><strong>auxilium</strong></span> <span class='ocrx_word' id='word_1_565' title='bbox 579 4945 775 5028; x_wconf 87' lang='lat' dir='ltr'><strong>imploretur,</strong></span> <span class='ocrx_word' id='word_1_566' title='bbox 797 4945 830 5009; x_wconf 91' lang='lat' dir='ltr'><strong>id</strong></span> <span class='ocrx_word' id='word_1_567' title='bbox 855 4945 940 5028; x_wconf 94' lang='lat' dir='ltr'><strong>quod</strong></span> <span class='ocrx_word' id='word_1_568' title='bbox 962 4964 1019 5029; x_wconf 90' lang='lat' dir='ltr'><strong>per</strong></span> <span class='ocrx_word' id='word_1_569' title='bbox 1042 4949 1142 5009; x_wconf 88' lang='lat' dir='ltr'><strong>totum</strong></span> <span class='ocrx_word' id='word_1_570' title='bbox 1161 4946 1221 5008; x_wconf 90' lang='lat' dir='ltr'><strong>hoc</strong></span> <span class='ocrx_word' id='word_1_571' title='bbox 1240 4965 1367 5009; x_wconf 89' lang='lat' dir='ltr'><strong>carmen</strong></span> <span class='ocrx_word' id='word_1_572' title='bbox 1386 4952 1567 5010; x_wconf 89' lang='lat' dir='ltr'><strong>constanter</strong></span> <span class='ocrx_word' id='word_1_573' title='bbox 1584 4946 1653 5011; x_wconf 91' lang='lat' dir='ltr'><strong>fieri</strong></span> <span class='ocrx_word' id='word_1_574' title='bbox 1671 4948 1827 5011; x_wconf 80' lang='lat' dir='ltr'><strong>ridemus.</strong></span> <span class='ocrx_word' id='word_1_575' title='bbox 1865 4944 1969 5021; x_wconf 79' lang='lat' dir='ltr'><strong>Quam</strong></span> <span class='ocrx_word' id='word_1_576' title='bbox 1994 4948 2123 5029; x_wconf 88' lang='lat' dir='ltr'><strong>quidem</strong></span> 
     </span>
     <span class='ocr_line' id='line_1_44' title="bbox 318 5051 2123 5136; baseline 0.002 -21"><span class='ocrx_word' id='word_1_577' title='bbox 318 5053 564 5136; x_wconf 89' lang='lat' dir='ltr'><strong>disputationem</strong></span> <span class='ocrx_word' id='word_1_578' title='bbox 584 5053 612 5114; x_wconf 91' lang='lat' dir='ltr'><strong>si</strong></span> <span class='ocrx_word' id='word_1_579' title='bbox 629 5053 680 5114; x_wconf 88' lang='lat' dir='ltr'><strong>vir</strong></span> <span class='ocrx_word' id='word_1_580' title='bbox 697 5051 752 5115; x_wconf 92' lang='lat' dir='ltr'><strong>ille</strong></span> <span class='ocrx_word' id='word_1_581' title='bbox 772 5051 977 5118; x_wconf 89' lang='lat' dir='ltr'><strong>doctissimus</strong></span> <span class='ocrx_word' id='word_1_582' title='bbox 995 5053 1035 5116; x_wconf 90' lang='lat' dir='ltr'><strong>ad</strong></span> <span class='ocrx_word' id='word_1_583' title='bbox 1054 5071 1129 5116; x_wconf 92' lang='lat' dir='ltr'><strong>eum</strong></span> <span class='ocrx_word' id='word_1_584' title='bbox 1147 5052 1244 5117; x_wconf 90' lang='lat' dir='ltr'><strong>finem</strong></span> <span class='ocrx_word' id='word_1_585' title='bbox 1263 5053 1415 5136; x_wconf 89' lang='lat' dir='ltr'><strong>perducit,</strong></span> <span class='ocrx_word' id='word_1_586' title='bbox 1438 5061 1476 5118; x_wconf 89' lang='lat' dir='ltr'><strong>ut</strong></span> <span class='ocrx_word' id='word_1_587' title='bbox 1493 5061 1669 5136; x_wconf 91' lang='lat' dir='ltr'><strong>utrumque</strong></span> <span class='ocrx_word' id='word_1_588' title='bbox 1688 5053 1882 5119; x_wconf 87' lang='lat' dir='ltr'><strong>versiculum</strong></span> <span class='ocrx_word' id='word_1_589' title='bbox 1902 5053 2123 5119; x_wconf 88' lang='lat' dir='ltr'><strong>additamentis</strong></span> 
     </span>
    </p>
   </div>
   <div class='ocr_carea' id='block_1_4' title="bbox 0 0 2399 5920">
    <p class='ocr_par' dir='ltr' id='par_1_4' title="bbox 0 0 2399 5920">
     <span class='ocr_line' id='line_1_45' title="bbox 0 0 2399 5920; baseline 0 0"><span class='ocrx_word' id='word_1_590' title='bbox 0 0 2399 5920; x_wconf 95' lang='lat' dir='ltr'><strong> </strong></span> 
     </span>
    </p>
   </div>
  </div>
 </body>
</html>
