4782 5920
944 401 1324 460 *3*-

361 595 429 660 Iam
457 614 532 659 vero
558 613 659 674 nunc,
687 600 724 657 ut
751 593 790 656 ad
817 593 955 676 primum
983 592 1064 657 illud
1090 599 1238 675 revertar,
1267 595 1345 678 quid
1374 613 1620 659 commemorem
1645 595 1683 659 de
1707 595 1804 659 huius
1827 594 1952 659 fabulae
1975 601 2085 658 cata-v

255 703 382 787 stropha
410 721 507 786 quam
535 701 632 784 vulgo
659 700 839 780 nominant,
871 719 934 782 qua
962 701 1061 764 totius
1089 701 1269 783 argumenti
1297 702 1402 765 exitus
1430 701 1608 790 explicatur
1636 701 1776 782 (alterius
1805 701 1939 785 episodii
1969 708 2059 786 parte

255 809 464 892 extrema)?⁰)
500 807 719 891 Spectatcrum
737 806 836 869 animi
854 808 979 890 egregio
998 805 1052 870 illo
1071 807 1155 888 regis
1174 811 1206 870 et
1224 809 1329 871 nuntii
1349 808 1387 871 de
1410 808 1598 872 infestorum
1623 808 1743 872 ducum
1767 809 1882 872 animis
1906 814 1937 872 et
1960 809 2057 872 armis

255 916 414 1000 colloquio
438 933 633 999 quamquam
656 914 773 977 iterum
795 918 892 996 atque
914 915 1031 977 iterum
1055 919 1285 978 convertuntur
1307 919 1338 977 et
1360 913 1561 999 abripiuntur
1584 913 1623 978 ad
1647 933 1773 978 summa
1794 914 1883 979 urbis
1911 914 2059 980 obsessae

254 1023 410 1108 pericula,
439 1027 558 1102 tamen,
586 1039 661 1084 cum
684 1018 827 1084 Eteocles
850 1039 907 1084 rex
932 1038 966 1083 se
987 1021 1096 1103 ipsum
1120 1022 1202 1084 inter
1224 1025 1345 1104 septem
1369 1021 1440 1084 illos
1462 1022 1579 1104 patriae
1604 1020 1785 1084 defensores
1807 1021 1873 1086 lore
1895 1021 2057 1105 protessus

255 1131 296 1193 sit
319 1129 369 1209 (ef.
400 1126 456 1208 ἐγὼ
479 1126 504 1186 δ’
536 1127 582 1188 ἐπ’
614 1124 729 1204 ἄνδρας
751 1126 788 1200 ἓξ
813 1126 895 1208 ἐμοὶ
923 1125 990 1188 σὺν
1017 1125 1161 1209 ἑβδόμῳ
1190 1128 1358 1208 ἀντηρέτας
1385 1129 1526 1208 ἐχθροῖσι
1554 1124 1607 1187 τὸν
1628 1129 1729 1207 μέγαν
1752 1126 1866 1205 τρόπον
1892 1135 1933 1194 εἰς
1965 1133 2058 1188 ἑπτα-

255 1235 361 1313 τειχεῖς
388 1231 506 1306 ἐξόδους
538 1232 618 1306 τάξω
649 1231 810 1313 μολών,ῑθ)
843 1234 925 1297 inter
953 1252 1041 1316 spem
1070 1239 1257 1316 metumque
1285 1235 1435 1316 suspensi
1461 1235 1548 1299 varie
1576 1252 1701 1317 semper
1728 1233 1919 1298 afficiuntur.
1974 1233 2058 1298 Nam

257 1341 546 1424 quotienscumque
561 1339 683 1403 alteret
697 1359 810 1403 rursus
828 1339 906 1404 alter
919 1340 1059 1404 bostirmr
1075 1341 1143 1404 dux
1158 1342 1293 1422 eiusque
1308 1341 1340 1402 in
1359 1339 1440 1404 urbe
1459 1339 1659 1404 adversarius
1677 1341 1869 1418 nominatur,
1888 1343 2001 1406 incerti
2020 1340 2058 1404 de

255 1447 386 1510 fratrum
406 1447 569 1528 totiusque
586 1447 691 1530 gentis
709 1447 814 1530 regiae
834 1446 944 1529 salute,
962 1467 1067 1532 usque
1086 1467 1123 1512 eo
1141 1447 1278 1531 pendere
1296 1447 1428 1530 putandi
1447 1452 1524 1510 sunt
1542 1446 1676 1510 obscura
1695 1465 1750 1531 spe
1768 1453 1800 1511 et
1818 1465 1910 1512 caeca
1928 1467 2058 1531 exspec-

257 1553 382 1633 tatione,
405 1552 481 1615 dum
505 1553 701 1632 decernatur,
724 1573 821 1642 quam
839 1551 1010 1634 Polynices
1034 1555 1200 1618 stationem
1223 1554 1336 1618 infesto
1359 1552 1465 1616 furore
1488 1572 1706 1636 aggressurus,
1729 1573 1826 1636 quam
1850 1552 1995 1618 Eteocles
2018 1555 2059 1617 sit

255 1665 377 1742 portam
406 1665 614 1742 suscepturus
643 1660 782 1724 maximo
806 1660 856 1724 sui
880 1679 954 1723 cum
977 1660 1117 1744 periculo
1146 1659 1386 1728 defendendam,
1430 1657 1514 1734 Quid
1543 1659 1632 1722 tum?
1678 1658 1827 1724 Tenibile
1850 1659 1944 1743 illud,
1972 1660 2058 1743 quod

257 1765 312 1828 diu
331 1765 465 1829 dilatum
488 1769 547 1846 est,
569 1785 675 1830 nonno
699 1765 803 1829 subito
827 1767 974 1849 erumpit,
997 1785 1071 1829 cum
1094 1771 1269 1849 utrumque
1286 1765 1412 1830 fratrem
1432 1765 1517 1829 fatali
1537 1765 1673 1849 quodam
1693 1785 1770 1830 casu
1788 1767 1823 1830 in
1842 1766 1950 1830 eadem
1969 1773 2059 1850 porta

254 1874 423 1936 stationem
452 1872 512 1936 sibi
541 1873 717 1936 destinasse
745 1873 968 1955 cognoscitm?
1023 1871 1108 1948 Quid
1135 1891 1210 1936 vero
1237 1872 1367 1955 postea?
1418 1871 1574 1936 Strenuus
1602 1870 1808 1956 prudensque
1841 1872 1909 1936 dux
1940 1871 2059 1936 Theba·

255 1997 370 2043 uorum
399 1997 506 2043 nonne
538 1979 675 2043 eundem
704 1997 738 2042 se
761 1997 831 2042 esse
855 1976 968 2062 Oedipi
990 1977 1094 2042 fillum
1121 1979 1274 2042 miserum
1298 1983 1329 2042 et
1351 1984 1488 2042 atrocem
1517 1979 1674 2043 ostendit?
1721 1977 1793 2042 Non
1816 1985 1847 2044 et
1870 1980 1937 2063 ipse
1959 1981 2058 2063 patris

254 2086 513 2169 imprecationem
542 2085 697 2168 agnoscit,
724 2104 765 2148 ex
795 2105 859 2169 qua
881 2085 937 2150 filii
960 2086 1188 2171 patrimonium
1210 2084 1314 2168 gladio
1341 2085 1424 2148 inter
1446 2103 1480 2148 se
1503 2087 1700 2168 partiantur?
1747 2085 1949 2162 Quinetiam
1974 2093 2059 2170 post-

176 2253 180 2262 ,
256 2211 353 2276 quam
376 2191 489 2256 eodem
511 2191 574 2254 lere
598 2195 738 2274 tempore
761 2191 913 2257 attatum
940 2213 1037 2258 suum
1060 2211 1231 2276 parumper
1253 2197 1449 2274 conquestus
1472 2199 1521 2256 est
1543 2199 1585 2274 et,
1607 2212 1647 2257 ne
1671 2194 1757 2257 cives
1779 2193 2058 2258 lamentationibus

254 2296 524 2382 perturbarentur,
546 2317 659 2363 rursus
682 2301 852 2383 pristinum
877 2302 1020 2364 animum
1042 2299 1169 2381 recepit,
1191 2298 1293 2360 ironia
1317 2297 1452 2381 quadam
1476 2319 1567 2381 usus,
1590 2318 1672 2382 quae
1695 2300 1813 2382 tragica
1835 2298 1929 2382 volgo
1954 2300 2059 2384 appel-

255 2405 346 2485 latur,
374 2407 408 2468 in
436 2423 473 2468 eo
501 2406 703 2487 potissimum
730 2405 880 2471 fiduciam
907 2425 981 2490 prae
1010 2405 1140 2484 ecfert,
1168 2403 1254 2486 quod
1282 2402 1423 2486 Iustitia,
1451 2403 1558 2469 diviua
1581 2404 1668 2469 Iovis
1691 2403 1769 2486 filia,
1798 2405 1837 2468 ad
1859 2404 1987 2469 fratrem
2011 2408 2058 2469 in-

255 2511 373 2574 festum
400 2512 558 2594 praesenti
585 2513 718 2576 numine
745 2512 977 2594 adiuvandum,
1005 2532 1045 2576 ex
1071 2531 1135 2595 quo
1158 2512 1218 2575 iste
1241 2516 1336 2574 natus
1360 2517 1457 2588 esset,
1487 2512 1677 2576 descendere
1705 2511 1855 2592 noluerit,
1883 2513 1946 2576 nisi
1977 2511 2059 2576 forte

256 2635 372 2682 nomen
396 2616 539 2682 Iustitiae
566 2618 644 2682 falso
671 2619 713 2682 sit
740 2621 769 2683 ei
791 2620 929 2683 inditum
957 2619 995 2683 cf.
1026 2619 1097 2682 670.
1127 2617 1188 2680 671
1219 2610 1239 2692 ἦ
1266 2616 1331 2692 δῆτ’
1363 2616 1404 2676 ἄν
1431 2620 1477 2691 εἴη
1511 2616 1685 2686 πανδίκως
1723 2615 1924 2700 ψευδώνυμος
1951 2621 2059 2693 Δίκη,

257 2724 389 2796 ξυνοῦσα
416 2724 494 2801 φωτὶ
518 2723 683 2806 παντόλμῳ
705 2727 827 2806 φρένας.
851 2723 967 2792 τούτοις
991 2723 1147 2793 πεποιθὼς
1173 2724 1236 2805 εἶμι
1259 2727 1320 2786 κτλ
1365 2723 1427 2788 Sed
1451 2723 1529 2807 quid
1553 2744 1611 2808 ego
1635 2726 1687 2788 hic
1708 2727 1773 2788 iam
1796 2724 1888 2808 plura
1911 2725 2058 2808 disputo?

256 2829 314 2894 Est
346 2831 431 2894 enim
464 2831 544 2896 illud
575 2839 763 2908 exnemum,
796 2839 833 2896 ut
859 2833 955 2896 insito
984 2832 1083 2895 animi
1110 2831 1217 2896 furore
1243 2849 1417 2914 percussus
1444 2851 1531 2894 arma
1558 2831 1632 2895 ferri
1660 2832 1768 2896 iubeat
1794 2849 1900 2914 neque
1928 2830 1968 2894 ab
2002 2852 2060 2896 sua

255 2937 357 3020 ipsius
390 2941 504 3002 natura
536 2937 660 3002 deficiat
691 2944 747 3004 aut
778 2939 917 3023 virgines
946 2945 1035 3003 curet
1065 2939 1230 3003 vitandum
1261 2957 1331 3002 esse
1364 2937 1395 3000 id
1427 2943 1586 3002 certamen
1618 2937 1839 3018 admonentes,
1871 2938 1958 3021 quod
1992 2940 2059 3002 siue

255 3043 372 3108 scelere
400 3063 440 3108 ne
468 3045 588 3128 suscipi
616 3045 746 3128 quidem
766 3048 882 3129 possit,
910 3047 965 3111 sed
987 3046 1072 3110 fatali
1095 3046 1284 3110 necessitate
1306 3049 1470 3129 perspecta
1497 3044 1544 3126 (cf.
1571 3045 1633 3110 719
1657 3047 1741 3106 θεῶν
1763 3041 1907 3104 διδόντων
1934 3045 1991 3105 οὐκ
2019 3045 2061 3105 ἂν

254 3148 382 3230 ἐκφύγοι
409 3149 507 3232 κακά)
535 3151 574 3214 ad
601 3154 810 3217 certissimam
838 3159 971 3218 mortem
996 3171 1030 3217 se
1052 3152 1205 3237 proripiat
1228 3151 1336 3216 divina
1360 3151 1496 3234 quadam
1519 3151 1603 3215 rabie
1626 3152 1766 3235 percitus
1786 3149 1901 3214 laterai
1920 3153 2059 3216 nominis

254 3259 436 3322 exstinctor.

237 3445 241 3454 ⁸
361 3363 466 3440 Quare
490 3385 564 3430 cum
588 3367 621 3430 in
645 3367 704 3432 hac
725 3367 833 3430 fabula
855 3385 961 3451 neque
985 3367 1212 3432 sententiarum
1236 3367 1375 3450 gravitas
1399 3365 1593 3431 desideretur
1616 3369 1647 3428 et
1669 3383 1785 3448 magna
1811 3365 1860 3428 vis
1889 3363 2059 3428 dramatico

255 3469 289 3531 in
309 3469 513 3536 describendo
531 3471 669 3538 Eteoclis
691 3475 818 3558 ingenio
841 3473 1040 3556 fratrumque
1062 3473 1147 3537 fatali
1169 3473 1300 3536 interitu
1324 3477 1483 3556 spectetur
1506 3477 1680 3555 tantusque
1704 3472 1745 3534 sit
1768 3473 1968 3556 egregiorum
1992 3490 2059 3534 car·

257 3575 381 3638 minum
409 3577 686 3663 diverbiorumque
715 3580 859 3661 allectus,
886 3585 924 3644 ut
951 3581 1066 3643 animis
1091 3578 1293 3644 vehementer
1319 3581 1480 3663 percussis
1502 3597 1612 3642 earum
1637 3597 1766 3662 quoque
1788 3597 1895 3642 rerum
1921 3579 2059 3662 quaein

257 3699 353 3744 scena
379 3683 430 3766 agi
457 3703 522 3747 non
549 3687 672 3769 possint
698 3704 849 3769 praesens
877 3692 973 3768 atque
1001 3704 1077 3749 vera
1104 3686 1207 3768 imago
1236 3685 1434 3750 obversetur:
1469 3684 1581 3769 quidni
1609 3683 1763 3766 Aeschyli
1790 3684 1917 3770 Septem
1950 3689 2059 3746 contra

255 3783 391 3871 Thebas,
423 3791 450 3854 si
476 3797 599 3873 practer
621 3791 827 3876 Sophocleum
856 3797 954 3854 artem
982 3791 1043 3854 alia
1070 3797 1202 3874 poeseos
1229 3794 1365 3876 tragicae
1392 3797 1600 3855 monumenta
1628 3809 1836 3874 quaeramus,
1867 3791 1906 3854 ad
1935 3791 2059 3853 animos

256 3893 412 3958 iuvenum
440 3915 551 3981 graeca
577 3903 643 3962 arte
671 3897 861 3963 erudiendos
891 3898 1104 3980 conteramus,
1132 3900 1316 3982 praesertim
1344 3918 1418 3962 cum
1447 3898 1486 3961 ad
1514 3903 1633 3963 ceteras
1662 3899 1748 3962 haud
1770 3917 1884 3983 parvas
1907 3897 2059 3962 utilitates

260 3999 337 4065 haec
365 4022 495 4086 quoque
522 4007 741 4089 apportamitas
764 4005 969 4090 adiungatur,
996 4009 1032 4068 ut
1055 4011 1086 4069 et
1109 4007 1302 4069 canticorum
1326 4011 1358 4070 et
1380 4003 1593 4069 diverbiorum
1615 4005 1716 4068 maior
1738 4025 1812 4089 pars
1836 4011 1899 4068 tam
1924 4004 2060 4088 simplici

256 4113 385 4191 tamque
411 4112 580 4194 perspicuo
609 4131 645 4175 ac
671 4130 772 4195 paene
799 4113 887 4196 epico
917 4111 1041 4175 dicendi
1063 4130 1179 4196 genere
1202 4113 1316 4196 scripta
1342 4114 1392 4194 sit,
1420 4118 1543 4176 utnon
1567 4111 1672 4176 solum
1695 4113 1730 4176 in
1754 4109 1912 4193 diverbiis,
1940 4111 1995 4176 sed
2019 4130 2060 4174 ne

256 4215 290 4276 iu
313 4218 443 4280 canticis
468 4218 597 4301 quidem
620 4218 687 4283 ulla
710 4220 810 4282 maior
833 4218 1003 4282 difficultas
1026 4225 1180 4300 occurrat,
1203 4239 1300 4303 quam
1324 4237 1406 4303 quae
1429 4219 1467 4282 ab
1490 4219 1655 4303 discipulis
1678 4218 1730 4282 vel
1752 4217 1910 4282 inferioris
1938 4219 2060 4302 primae

255 4324 416 4404 gymnasii
452 4324 562 4388 classis
598 4327 747 4410 cognosci
779 4330 811 4389 et
846 4326 989 4409 superari
1024 4327 1138 4409 possit,
1175 4328 1243 4390 sive
1275 4345 1386 4391 eorum
1419 4327 1517 4389 animi
1554 4331 1646 4390 antea
1677 4327 1740 4389 iam
1773 4324 1906 4388 diversis
1943 4324 2060 4406 lyricae

256 4433 388 4510 poeseos
416 4430 592 4514 disciplinis
619 4433 733 4496 initiati
757 4436 860 4513 erunt,
888 4434 955 4496 sive
979 4435 1085 4496 statim
1109 4433 1147 4496 ab
1171 4432 1303 4497 Homeri
1326 4431 1451 4517 legendi
1474 4433 1706 4498 cousuetudine
1730 4451 1766 4494 ac
1789 4431 1895 4494 studio
1920 4431 1960 4496 ad
1990 4431 2060 4496 dra-

257 4536 370 4598 matica
392 4539 532 4600 carmina
555 4537 769 4602 traducentur.

363 4641 451 4718 Quae
474 4661 548 4707 cum
576 4646 620 4707 ita
647 4645 725 4726 sint,
751 4663 816 4708 uon
841 4646 909 4709 sine
931 4665 1046 4710 caussa
1069 4647 1179 4729 quaeri
1201 4646 1342 4728 videtur,
1366 4647 1422 4730 qui
1443 4646 1562 4711 factum
1587 4647 1636 4727 sit,
1660 4651 1696 4708 ut
1718 4663 1813 4708 nemo
1836 4645 1949 4728 adhuc,
1973 4647 2059 4728 quod

256 4749 368 4830 sciam,
407 4749 446 4812 ad
477 4750 558 4814 hanc
590 4749 731 4814 fabulam
767 4753 800 4816 in
833 4754 1000 4837 gymnasio
1039 4751 1234 4817 tractandam
1272 4753 1398 4836 aggredi
1436 4755 1577 4816 animum
1610 4751 1783 4816 induceret.
1838 4751 1998 4835 Equidem
2031 4753 2058 4816 si

258 4857 366 4920 omnia
388 4859 494 4922 animo
517 4857 717 4942 complector,
739 4858 839 4924 huius
863 4862 906 4924 rei
928 4861 1108 4943 primariam
1132 4859 1232 4924 larissa
1255 4879 1399 4924 caussam
1419 4859 1552 4942 reperio,
1575 4857 1661 4941 quod
1680 4879 1795 4944 magm
1812 4877 1885 4943 pars
1904 4877 2058 4923 versuum

259 4995 571 5009 --—-—-.-—.

363 5083 391 5150 9)
409 5086 507 5141 Aesch.
526 5086 597 5156 Sept.
617 5087 767 5144 eal-roc.
931 5089 973 5156 10)
993 5089 1092 5143 Aosclr.
1112 5088 1184 5158 Sept.
1204 5089 1256 5143 264
1266 5105 1323 5158 sqq.

1810 5179 1822 5230 1
1831 5177 1846 5210 S
