4782 5920
926 440 1035 447 .-
1134 405 1173 467 17
1235 443 1353 448 M-

250 601 282 664 C.
307 599 494 664 Conradtlus
523 601 566 678 (in
595 597 733 663 Hermae
756 598 817 661 vol.
842 597 931 664 VIII.
959 619 988 682 p.
1014 598 1087 678 377)
1121 599 1205 663 idem
1232 599 1351 663 lactum
1381 619 1451 664 esse
1477 600 1563 664 haud
1591 601 1635 664 ita
1661 601 1772 664 multis
1806 602 1951 668 versibus
1984 608 2057 667 anto

248 710 447 772 invenerunt.
484 705 566 769 Nam
590 725 687 769 versu
706 707 748 768 88
772 707 835 786 βοᾷ
858 704 932 784 ὑπὲρ
956 706 1077 782 τειχέων
1100 705 1118 764 ὁ
1139 703 1305 773 λεύκασπις
1329 705 1456 788 ὄρνυται
1477 703 1552 774 λαός
1574 706 1718 788 εὐτρεπὴς
1741 707 1789 768 ἐπὶ
1808 707 1916 770 πτόλιν
1933 708 2057 780 διώκων,

248 834 322 878 cum
350 812 456 878 verbis
483 810 609 892 ὄρνυται
642 816 673 876 et
705 810 753 872 έπὶ
786 807 891 871 πτόλιν
923 807 1057 870 διώκων.»
1071 811 1171 875 hostis
1199 812 1395 896 significetur
1421 813 1548 898 longius
1576 819 1729 894 remotus,
1757 834 1854 897 quam
1882 817 1938 899 qui
1967 815 2056 880 urbis

247 940 357 985 muros
380 920 522 983 fossasve
546 924 683 1002 superet,
710 937 776 981 non
800 917 839 980 ab
861 918 940 1000 ipsis
963 919 1104 1001 Argivis,
1127 919 1182 982 sed
1206 938 1318 982 eorum
1342 924 1466 982 tautum
1489 920 1627 984 clamore
1650 940 1761 984 muros
1786 923 1928 1004 superari
1951 923 2057 987 dicen·

249 1028 326 1092 dum
351 1031 424 1091 erat
461 1024 576 1108 Itaque
599 1024 734 1108 Bergkio
759 1023 998 1088 assentiendum
1023 1043 1148 1106 causac,
1172 1026 1228 1108 qui
1253 1025 1326 1106 ὑπὲρ
1349 1027 1519 1107 τειχέωνθέ)
1544 1027 1583 1090 ad
1606 1029 1696 1110 prius
1719 1028 1801 1092 illud
1822 1030 1898 1110 βοᾶι
1922 1033 2057 1090 ποτᾶται

249 1137 269 1197 i.
285 1155 310 1198 e.
325 1131 408 1215 βοὰν
423 1131 496 1210 ὑπὲρ
513 1135 632 1210 τειχέων
651 1129 792 1192 ποτανάν
810 1130 968 1213 pertinere
986 1130 1107 1194 maluit.
1137 1132 1208 1196 Etsi
1222 1152 1260 1196 eu
1277 1152 1333 1216 pro
1352 1134 1629 1215 interpretamento
1649 1134 1687 1196 ad
1707 1132 1803 1197 verba
1815 1133 1898 1216 βοὰν
1916 1135 2058 1196 ποτανοὶν

249 1241 390 1304 maxime
417 1239 537 1322 poetica
564 1238 719 1321 adscripto
737 1237 863 1301 'habere
892 1257 989 1320 quam
1017 1239 1100 1301 inter
1127 1239 1196 1322 ipsa
1218 1237 1370 1319 Aeschyli
1397 1238 1495 1304 verba
1521 1241 1659 1304 inserere
1688 1239 1856 1305 maluerim
1884 1246 2058 1325 propterea,

250 1345 337 1428 quod
360 1345 436 1408 ordo
459 1363 611 1408 versuum
635 1346 718 1407 inter
740 1362 774 1407 se
797 1344 1060 1428 respondentium
1084 1349 1153 1408 tum
1178 1345 1299 1428 aliquid
1323 1344 1441 1409 turbari
1464 1346 1599 1411 ridetur.
1641 1346 1681 1409 In
1704 1366 1769 1410 uno
1792 1346 1852 1410 hoc
1870 1347 1923 1412 ille
1941 1349 2058 1431 impro-

251 1450 376 1515 bandus
404 1457 464 1532 est,
493 1451 580 1534 qaod
607 1451 703 1515 altero
732 1451 801 1514 loco
831 1452 900 1514 sine
924 1449 990 1513 ulla
1012 1452 1135 1514 ratione
1158 1451 1236 1514 illud
1258 1455 1322 1532 βοᾷ
1345 1451 1475 1517 dolebat.
1521 1451 1604 1518 Nam
1630 1453 1808 1537 quiaillud
1831 1457 1895 1534 βοᾷ
1919 1459 2058 1538 utroque

249 1557 318 1621 loco
348 1558 508 1640 aptissime
536 1557 712 1642 legebatur,
738 1563 865 1642 propter
892 1557 923 1620 id
951 1558 1059 1641 ipsum
1088 1558 1181 1621 verba
1212 1557 1285 1639 ὑπέρ
1313 1561 1447 1637 τειχέων,
1478 1579 1560 1642 quae
1588 1565 1625 1623 ut
1653 1560 1692 1623 ad
1714 1564 1777 1642 βοᾷ
1810 1569 2058 1644 assumerentur,

251 1665 339 1746 signo
370 1663 506 1746 quodam
535 1665 692 1748 adscripto
719 1665 895 1728 indicatum
923 1683 994 1729 essa
1022 1665 1139 1748 potuit,
1166 1663 1244 1727 falso
1272 1665 1337 1729 huo
1364 1665 1451 1728 illata
1478 1685 1548 1730 esse
1576 1667 1733 1731 ridentur.
1783 1666 1823 1730 In
1856 1668 1967 1732 eadem
1993 1668 2058 1732 fere

251 1771 406 1834 sententia
437 1769 478 1833 H.
511 1769 665 1835 Weilium
704 1789 774 1835 esse
811 1772 915 1852 vides,
953 1772 1009 1854 qui
1047 1771 1135 1852 quod
1171 1771 1268 1834 verba
1298 1775 1361 1852 βοᾷ
1400 1775 1533 1832 ποτᾶται
1572 1772 1644 1852 ὑπὲρ
1682 1776 1802 1853 τειχέων
1835 1775 2059 1858 coniungenda

248 1881 335 1940 ratus
364 1883 427 1959 est,
454 1877 616 1958 larudatur,
643 1876 851 1960 improbatur,
879 1878 966 1959 quod
990 1879 1160 1940 coniuncta
1187 1879 1328 1942 secundo
1352 1879 1481 1942 demum
1506 1879 1574 1942 loco
1603 1878 1695 1942 dedit
1725 1917 1766 1926 -
1796 1877 1883 1956 Quae
1912 1901 1986 1946 eum
2014 1883 2059 1946 ita

248 1985 325 2064 sint,
352 1984 564 2067 permultum,
592 1990 629 2048 ut
653 2003 749 2067 supra
773 1983 931 2065 (dxeram,
952 1983 1131 2068 proficitur,
1158 1987 1342 2068 praesertim
1366 2004 1441 2048 cum
1464 1985 1619 2048 adiectiva
1640 1985 1695 2048 illa
1716 1983 1860 2068 μάκαρες
1881 1985 1995 2068 εὔεδροι
2019 1989 2058 2052 ad

248 2110 329 2174 quae
358 2090 559 2154 substantiva
586 2091 776 2174 pertineant,
804 2090 941 2154 dubitari
970 2091 1032 2153 iam
1063 2109 1128 2154 ηοη
1157 2093 1264 2174 possit.
1311 2091 1393 2154 Nam
1416 2090 1512 2155 verbo
1535 2089 1571 2149 ld
1597 2092 1753 2176 adscripto
1777 2093 1909 2157 indicari
1931 2095 2060 2159 videtur

248 2197 361 2261 horum
386 2197 492 2260 locum
517 2214 586 2260 esso
609 2204 682 2280 post
704 2196 740 2257 έὼ
764 2196 834 2257 θεοὶ
858 2199 935 2258 θεαί
955 2219 995 2268 τε,
1023 2197 1080 2261 ubi
1108 2203 1139 2262 et
1162 2199 1301 2281 spatium
1324 2205 1453 2282 propter
1475 2199 1726 2262 interiectionem
1749 2199 1785 2258 ld
1804 2199 1882 2264 falso
1906 2207 1953 2264 ter
1975 2203 2059 2284 posi·

247 2311 310 2366 tam
342 2308 568 2384 consumptum
598 2322 667 2367 esse
695 2305 921 2368 animadvertis
949 2311 981 2368 et
1008 2305 1147 2387 epitheta
1175 2304 1331 2387 quaedam
1359 2307 1479 2389 requiri
1507 2303 1582 2368 inde
1610 2305 1684 2370 licet
1712 2306 1854 2389 colligas,
1890 2307 1977 2390 quod
2004 2327 2059 2391 per

247 2416 351 2474 totum
374 2409 435 2472 hoc
457 2429 593 2491 carmen,
621 2413 689 2474 sive
718 2413 862 2476 omnium
892 2412 1024 2476 deorum
1053 2413 1187 2475 numina
1215 2412 1283 2474 sive
1311 2411 1438 2495 singula
1466 2417 1590 2476 tantum
1619 2413 1822 2496 invocantur,
1851 2416 1877 2476 si
1901 2412 1940 2477 ab
1963 2414 2061 2478 altera

248 2515 304 2578 illa
326 2534 356 2576 v.
383 2515 445 2577 125
469 2515 578 2580 Martis
601 2518 814 2600 inprecatione
838 2518 991 2600 discedas,
1020 2536 1144 2600 semper
1167 2519 1304 2602 epitheta
1327 2515 1483 2602 quaedam
1508 2520 1654 2582 ornantia
1674 2520 1885 2584 inveniuntur
1908 2522 2058 2605 apposita.

250 2619 461 2696 Quamobrem
489 2641 562 2686 cum
592 2625 662 2690 eius
687 2626 743 2708 qui
766 2643 854 2688 nune
877 2629 926 2688 est
948 2624 1120 2690 verborum
1144 2624 1264 2689 ordinis
1288 2626 1409 2690 nullam
1434 2645 1504 2690 esse
1526 2631 1673 2709 appareat
1691 2627 1859 2710 rationem,
1887 2627 1966 2692 duas
1989 2627 2060 2691 illas

248 2727 408 2810 periodos,
437 2747 519 2811 quae
547 2749 612 2813 quo
640 2749 775 2794 numero
803 2731 1007 2796 decurrerent
1034 2749 1128 2798 nemo
1158 2731 1262 2796 adhuc
1289 2734 1332 2796 ita
1356 2732 1552 2817 explanavit,
1580 2737 1617 2796 ut
1639 2733 1793 2816 plurimos
1822 2735 2059 2799 consentientes

250 2832 386 2916 haberet,
413 2835 446 2898 in
473 2837 560 2899 huno
586 2836 719 2901 tortasse
742 2838 884 2918 modum,
912 2837 1049 2922 singulis
1074 2837 1264 2922 quibusdem
1290 2838 1397 2903 verbis
1419 2859 1486 2902 ηοη
1509 2839 1589 2902 nihil
1611 2840 1695 2904 inter
1717 2859 1751 2904 se
1774 2842 1970 2924 permutatis,
1994 2861 2060 2904 non

248 2941 318 3004 sine
341 2941 446 3025 aliqua
469 2941 684 3025 probabilitate
708 2945 898 3027 compositas
922 2963 992 3008 esse
1015 2947 1191 3027 putaveris:

778 3066 815 3128 έώ
834 3067 904 3130 θεοὶ
927 3071 1006 3130 θεαί
1027 3089 1056 3130 τε
1079 3067 1222 3150 μάκαρες
1244 3067 1368 3148 εὔεδροι,

834 3173 980 3237 dudam*
1008 3173 1165 3255 ὄρμενον
1186 3173 1294 3236 κακόν.

778 3285 841 3363 βοᾷ
864 3280 982 3343 διώκων
1004 3281 1148 3362 εὐτρεπὴς
1172 3279 1221 3342 έπὶ
1244 3281 1350 3343 πτόλιν

832 3387 999 3456 λεύκασπις
1022 3388 1176 3470 ὄρνυται
1198 3388 1278 3458 λεώς.

249 3506 331 3570 Nam
345 3509 379 3571 iu
398 3509 539 3574 iambicis
555 3512 692 3595 strophis
708 3531 813 3595 neque
829 3513 950 3578 solutae
969 3513 1042 3578 illae
1057 3513 1197 3595 syllabae
1210 3514 1245 3576 iu
1258 3511 1400 3594 μάκαρες
1419 3533 1525 3597 neque
1539 3514 1761 3578 irrationalitas
1773 3515 1808 3578 in
1822 3513 1988 3584 λεύκασπις
2005 3525 2060 3580 aut

250 3611 366 3672 διώκων
393 3615 536 3700 neglecta
565 3617 662 3682 ullam
691 3617 779 3680 affert
802 3618 1022 3696 offensionem,
1048 3621 1081 3684 id
1106 3620 1192 3703 quod
1219 3640 1293 3684 oum
1318 3621 1370 3684 alii
1398 3627 1468 3685 tum
1492 3619 1663 3701 christine,
1691 3621 1797 3684 metr.²
1826 3641 1855 3704 p.
1880 3623 2001 3706 380sq.
2029 3630 2061 3686 et

250 3719 325 3800 641,
348 3720 463 3784 docuit
510 3722 626 3787 Contra
657 3725 744 3806 vide,
777 3733 896 3808 quanta
923 3746 998 3789 eum
1026 3725 1158 3790 audacia
1189 3727 1332 3810 plerique
1368 3746 1433 3790 non
1468 3711 1577 3790 solum¹
1604 3725 1773 3790 verborum
1808 3729 1965 3812 ordinem,
2003 3731 2059 3812 qui

250 3827 330 3910 quin
358 3829 480 3912 integer
507 3849 570 3894 nou
599 3833 653 3913 sit,
686 3833 740 3894 vix
771 3833 944 3916 quisquam
979 3832 1115 3914 dubitat,
1148 3854 1262 3898 verum
1291 3834 1386 3898 etiam
1410 3835 1479 3916 ipsa
1502 3831 1599 3897 verba
1623 3833 1876 3917 depravaverlnt,
1903 3837 2060 3917 auxerint,

249 3937 479 4016 contraxerint,
511 3937 600 4001 velut
626 3936 813 4003 Dindorfius
840 3943 903 4020 βοᾷ
929 3939 1001 4017 ὑπέρ
1030 3937 1156 4020 τάφρων
1183 3938 1387 4022 λευκοπρεπὴς
1414 3937 1486 4006 λεὼς
1514 3938 1639 4020 ὄρνυται
1673 3937 1721 4000 ἐπὶ
1750 3939 1838 4002 πόλιν
1865 3947 1895 4006 et
1922 3941 2060 4006 Weih'us

250 4043 384 4101 ποτᾶται
406 4044 470 4122 βοᾶ
495 4043 568 4124 ὑπὲρ
592 4049 718 4124 τειχέων.
743 4047 759 4105 ὁ
782 4045 949 4113 λεύκασπις
972 4043 1099 4124 ὄρνυται
1122 4046 1196 4113 λαὸς
1218 4049 1348 4128 εὐτρεπῆ
1372 4045 1420 4107 ἐπὶ
1444 4045 1550 4107 πτόλιν
1572 4045 1690 4107 διώκων
1713 4045 1801 4107 πόδα.

355 4146 509 4232 Sequitur
522 4150 612 4232 illud,
631 4159 667 4215 ut
686 4171 886 4235 quaeramus,
905 4173 983 4217 num
1004 4172 1040 4217 ea
1056 4172 1197 4238 quoque,
1215 4173 1296 4237 quae
1316 4153 1516 4234 antecedunt,
1536 4155 1618 4217 inter
1637 4173 1671 4216 se
1690 4172 1863 4236 congruere
1882 4154 2058 4219 videantur.

250 4251 351 4317 Cuius
373 4256 418 4318 rei
439 4275 541 4320 unum
561 4277 637 4322 sane
656 4260 876 4324 testimonium
896 4259 1057 4342 quoddam
1076 4262 1268 4344 agnoscitur,
1292 4260 1377 4344 quod
1396 4259 1446 4324 bis
1465 4260 1593 4324 eaedem
1614 4266 1766 4344 quattuor
1784 4261 1922 4324 dochmii
1940 4260 2059 4325 formae

249 4367 423 4424 occmruut
446 4365 626 4446 continuae,
651 4365 768 4448 quibus
789 4365 967 4430 simillimae
986 4368 1191 4430 continentur
1210 4368 1392 4431 sententiae.
1429 4366 1512 4430 Nam
1531 4368 1696 4451 proximos
1716 4385 1829 4429 versus
1849 4366 2060 4449 dochmiaoos,

250 4466 306 4549 qui
338 4467 372 4529 in
408 4468 516 4534 codice
548 4473 595 4535 sic
628 4472 873 4537 exhibentur...
908 4472 1163 4541 πεδιοπλοκτυπος
1179 4471 1193 4559 ss
1210 4470 1236 4533 τὶ
1264 4475 1452 4554 χρίμπτεται
1483 4477 1560 4554 [leole
1575 4469 1589 4560 ss
1606 4477 1746 4533 ποτᾶται
1774 4475 1879 4553 βρέμει
1895 4471 1909 4560 ΙΙ
1925 4473 1950 4533 δ’
1978 4475 2060 4555 ἅμα·

246 4576 339 4650 χέτου
357 4572 448 4634 δίκαν
468 4573 575 4644 ὕδατος
594 4578 756 4660 ὀροτύπου,
775 4579 824 4642 Fr.
848 4579 1042 4644 Ritschelius
1067 4580 1189 4643 auxilio
1214 4580 1326 4644 scholii
1350 4579 1484 4644 Medicei
1507 4580 1644 4660 adiutus,
1669 4579 1755 4663 quod
1779 4585 1828 4643 est
1850 4579 1905 4640 καὶ
1929 4578 1974 4640 τὰ
1997 4582 2060 4654 τῆς

248 4683 311 4758 γῆς
334 4679 368 4741 δέ
386 4704 458 4762 μου
481 4682 587 4744 πεδία
610 4685 894 4768 κατακτυπούμενοι
916 4689 979 4753 τοῖς
1002 4685 1075 4748 ποσὶ
1098 4691 1158 4748 τῶν
1180 4690 1282 4747 ἰ’ππων
1300 4687 1355 4747 καὶ
1374 4691 1434 4747 τῶν
1453 4685 1551 4747 ὄπλων
1576 4687 1673 4746 ποιεῖ
1694 4708 1768 4766 μου
1791 4685 2060 4766 προσπελάζειν

355 4911 399 4980 34)
418 4911 450 4968 ln
470 4915 664 4984 corrumpendo
679 4915 739 4984 hoc,
755 4917 827 4986 quod
846 4917 1032 4986 incorruptum
1053 4917 1169 4986 videtur,
1189 4916 1270 4970 uerbo
1289 4915 1406 4969 multum
1427 4931 1522 4984 operae
1541 4915 1664 4968 consumi
1679 4931 1728 4969 nee
1744 4916 1893 4986 quidquam
1907 4915 2001 4985 profici
2016 4916 2058 4969 in·

250 4995 421 5142 ξὲἕξζῑθήοπ
448 5001 498 5057 hoc
528 5005 744 5060 coniecturarum
769 5005 886 5060 delectu:
914 5007 966 5073 βοᾷ
990 5003 1057 5077 ὄπὲρ
1086 5005 1192 5077 τάφρων
1216 5005 1362 5073 Dindorfii,
1386 5004 1435 5070 βὰς
1459 5003 1525 5074 ὑπὲρ
1554 5005 1646 5075 lquier
1674 5003 1788 5074 Prienii,
1816 5007 1868 5072 βοᾷ
1892 5002 2060 5076 ὄπτρτρέχυν

1828 5183 1844 5236 3
