4782 5920
952 367 1110 374 .,,,-
1160 331 1176 390 7
1223 369 1249 374 ,,
1292 369 1309 374 ..

262 527 454 611 qrubusdam
477 524 671 609 augendum,
694 523 831 590 alterum
853 525 986 608 insuper
1008 525 1279 608 transponendum
1304 528 1345 606 (v.
1366 525 1429 587 145
1447 531 1521 608 post
1541 525 1616 605 146)
1641 545 1710 590 esso
1734 531 1869 608 censeat,
1891 528 1924 590 id
1947 546 1989 591 cx
2012 531 2067 611 eis,

261 655 341 718 quas
362 633 535 730 proposuit,
559 632 682 696 caussis
700 630 846 694 concludi
866 631 944 694 mihi
964 649 1028 695 non
1045 634 1211 716 persuasit,
1234 631 1299 711 sed,
1322 630 1482 715 siquidem
1505 631 1544 695 ab
1567 632 1637 696 istis
1661 631 1930 714 hariolationibus,
1954 635 2066 717 quales

262 749 337 805 sunt
364 733 389 800 ὦ
418 737 516 798 πότνι’
547 740 596 798 ἴθι
624 735 696 805 Διὸς
726 741 901 817 παραγενοῦ
928 735 1036 818 δάμαρ
1063 757 1120 823 pro
1147 731 1171 798 ὦ
1200 737 1310 799 πότνια
1332 735 1414 816 Ἥρη
1441 738 1493 802 vel
1520 731 1543 797 ὦ
1566 739 1630 816 οβ’
1663 737 1823 810 Ἄπολλον,
1851 737 1918 800 ἔλθ’
1950 740 2067 820 ἀρωγός

261 847 354 928 πόλει,
377 845 523 910 recedere
546 844 708 926 volumus,
731 863 832 908 unum
855 844 995 928 relinqui
1018 845 1145 909 videtur
1168 844 1349 908 subsidium
1372 843 1451 908 illud
1475 851 1669 908 extremum:
1694 853 1731 909 ut
1754 865 1819 908 non
1843 846 1948 910 solum
1972 866 2065 930 supa·

260 956 343 1018 riora
361 952 416 1015 illa
426 947 548 1031 Ἄρτεμι
566 952 652 1027 pau,
672 969 783 1014 verum
802 951 896 1014 etiam
916 950 994 1015 haec
1014 943 1037 1010 ὦ
1053 950 1163 1012 πότνια
1177 949 1258 1030 Ἥρη
1278 955 1309 1014 et
1327 943 1428 1027 aaa
1449 949 1604 1031 Ἄπολλον,
1623 969 1705 1034 quac
1723 951 1763 1014 ab
1781 953 1936 1035 proximis
1956 951 2066 1017 abhor-

261 1079 329 1125 rere
353 1077 393 1122 ax
417 1055 542 1121 turbato
566 1063 597 1122 et
622 1075 773 1121 versuum
796 1076 930 1122 numero
953 1066 985 1122 et
1008 1058 1239 1122 sententiarum
1258 1075 1384 1120 conexu
1403 1055 1573 1140 colligitur,
1597 1055 1636 1119 ab
1655 1057 1817 1137 Aeschylo
1836 1056 2066 1140 abiudicemus,

260 1165 446 1250 praesertim
466 1181 539 1226 cum
558 1181 663 1246 neque
681 1162 799 1226 locutio
818 1163 873 1226 illa
890 1157 915 1224 ὦ
930 1163 1040 1226 πότνια
1055 1163 1136 1246 ΙἩρη
1155 1183 1255 1247 paene
1274 1161 1443 1226 Homerica
1462 1163 1565 1227 ullum
1587 1163 1722 1226 colorem
1742 1165 1896 1248 tragicum
1922 1166 2066 1230 ostendat

261 1281 292 1334 ct
310 1269 457 1334 facillime
475 1271 696 1353 perspiciatur,
716 1289 780 1352 qua
798 1270 837 1334 de
857 1290 970 1335 caussa
988 1273 1085 1336 istaec
1104 1271 1217 1334 addere
1236 1270 1403 1333 voluerint.
1440 1269 1470 1333 N
1472 1290 1522 1332 om
1541 1269 1721 1350 Aeschylus
1741 1271 1892 1353 optimam
1910 1273 2065 1336 rationem

262 1381 391 1440 secutus
415 1377 552 1460 virgines
575 1377 714 1458 primum
735 1375 845 1441 Iovem
870 1380 1026 1462 optimum
1046 1379 1224 1442 maximum
1244 1376 1448 1460 implorantes
1466 1375 1548 1458 facit,
1567 1376 1680 1440 deinde
1699 1375 1876 1440 Minervam
1895 1384 1926 1441 et
1944 1377 2066 1462 Neptu·

261 1502 349 1562 nam,
368 1481 494 1545 urbium
514 1481 671 1563 custodes,
693 1488 761 1546 tum
781 1482 915 1548 Martem
939 1490 970 1548 et
988 1485 1155 1564 Venerem,
1178 1482 1372 1547 Harmoniae
1390 1489 1545 1565 parentes,
1568 1503 1586 1546 a
1606 1481 1722 1566 quibus
1739 1482 1959 1548 Thebanorum
1979 1487 2064 1569 on'go

261 1587 443 1668 ducebatur,
471 1587 610 1672 denique
634 1589 815 1672 Apollinem
839 1596 871 1654 at
892 1588 1029 1654 Dianam
1052 1589 1279 1674 (ἀργυρότοξον,
1306 1587 1462 1669 ἑκάεργον,
1488 1587 1637 1668 ἑκηβόλον
1660 1593 1691 1652 et
1713 1591 1896 1674 ἰοχέαιραν),
1925 1609 2064 1674 quorum

259 1695 381 1780 sagittis
418 1694 523 1759 subita
559 1701 655 1778 atqua
692 1697 864 1779 improvisa
901 1696 1089 1760 mortalibus
1126 1697 1216 1759 venit
1251 1696 1420 1760 calamitas.
1476 1693 1579 1770 Quam
1613 1695 1764 1758 rationem
1798 1715 1872 1759 oum
1904 1716 1970 1761 non
2002 1699 2064 1762 ianr

209 1883 212 1896 Ι
259 1809 463 1884 cognossent,
489 1803 714 1885 grammaticos
741 1803 843 1886 ipsam
872 1803 959 1866 Iovis
989 1822 1119 1866 uxorem
1143 1822 1209 1866 non
1236 1821 1367 1885 prorsus
1394 1801 1620 1886 neglegendam
1648 1819 1718 1864 esse
1740 1802 1809 1864 iure
1833 1803 1970 1885 quodam
1998 1807 2065 1888 opi·

260 1915 364 1988 natos,
392 1909 503 1992 paucis
527 1907 674 1972 versibus
698 1915 769 1992 post
792 1907 937 1972 ultimam
962 1909 1095 1973 deorum
1118 1909 1368 1992 implorationem
1392 1908 1596 1988 intermissis,
1626 1908 1681 1990 qui
1704 1906 1794 1970 locus
1816 1908 1856 1970 ad
1879 1908 1956 1974 haec
1979 1909 2064 1973 addi-

258 2021 395 2078 tamenta
427 2021 522 2098 aptus
554 2033 624 2077 csse
656 2013 836 2096 videbatur,
867 2015 1026 2080 Iunonem
1058 2017 1200 2080 invocari
1232 2015 1393 2079 locutione
1426 2013 1478 2076 illa
1504 2013 1637 2077 Homeri
1675 2014 1786 2078 dehita
1821 2014 1955 2079 finxisse
1993 2036 2063 2080 mea

258 2120 386 2204 quidem
411 2121 569 2183 sententia
592 2139 611 2182 a
633 2138 708 2182 vero
731 2122 876 2204 proxime
899 2121 994 2186 abest.
1032 2121 1113 2188 Nam
1137 2123 1164 2186 si
1188 2124 1256 2208 ipse
1279 2120 1460 2200 Aeschylus
1484 2120 1624 2203 virgines
1648 2121 1778 2184 omnino
1803 2123 1910 2185 omnia
1933 2121 2062 2186 deorum

257 2227 392 2290 numina
415 2226 605 2289 nominatim
630 2226 855 2310 compellantes
878 2229 1029 2293 inducere
1052 2229 1207 2294 voluisset
1229 2247 1265 2292 ac
1287 2247 1352 2291 non
1376 2227 1502 2310 singula
1521 2231 1643 2290 tantum
1663 2232 1785 2310 practer
1803 2225 1913 2291 Iovem
1933 2227 2062 2292 deorum

255 2335 344 2416 paria
369 2332 546 2395 secundum
571 2351 651 2414 eam,
675 2353 771 2417 quam
795 2335 889 2398 modo
913 2337 1065 2420 exposui,
1087 2337 1250 2416 rationem,
1272 2353 1338 2398 non
1361 2335 1469 2398 minus
1492 2331 1617 2414 Bacchi,
1641 2351 1736 2415 quem
1761 2333 1855 2397 deum
1879 2334 1963 2417 apud
1985 2333 2065 2400 The·

256 2440 356 2502 bonos
373 2437 602 2523 Thebanasque
625 2441 658 2503 in
684 2461 810 2505 summo
834 2441 954 2506 honore
976 2441 1076 2506 fnisse
1093 2443 1176 2506 inter
1194 2419 1305 2506 omnes
1325 2445 1457 2521 constat,
1479 2439 1673 2502 mentionem
1693 2457 1766 2502 eum
1786 2439 1944 2503 tactorum
1964 2440 2063 2504 tuisse

258 2545 330 2626 quis
354 2551 402 2608 est
426 2546 482 2628 qui
505 2545 679 2610 infitietur?
691 2549 728 2626 ¹⁴)

363 2649 476 2733 Itaque
495 2644 800 2717 'molestissimorum
830 2654 966 2718 istorum
995 2655 1297 2736 additamentorum,
1325 2653 1441 2736 quibus
1470 2653 1552 2716 inter
1580 2671 1654 2716 vcra
1676 2651 1828 2733 Aeschyli
1852 2651 1947 2716 verba
1971 2653 2062 2718 dissi-

257 2757 337 2838 patis
364 2759 591 2821 sententiarum
623 2777 767 2822 conexus
791 2761 1044 2844 interrumpitur,
1071 2763 1097 2825 si
1116 2762 1237 2826 nullam
1257 2761 1411 2824 rationem
1429 2756 1535 2835 habea,
1559 2758 1734 2842 strophicos
1756 2777 1871 2822 versus
1893 2777 2063 2824 numerose

257 2861 366 2926 cadere
389 2862 493 2927 vides:

786 2977 902 3033 da's's',

786 3077 897 3160 ὄτοβον
920 3079 1071 3162 ἁρμάτων
1094 3078 1178 3160 ἀμφὶ
1203 3077 1291 3138 πόλιν
1312 3077 1401 3137 κλύω.

784 3184 897 3247 ἔλακον
919 3186 1039 3260 ἀξόνων
1060 3188 1258 3268 βριθομένων
1276 3181 1380 3263 χνόαι.

785 3291 992 3374 δοριτίνακτος
1015 3291 1116 3374 αἰθὴρ
1139 3294 1342 3374 ἐπιμαίνεται.

785 3403 814 3458 τέ
836 3397 921 3466 πόλις
945 3398 1029 3482 άμμι
1053 3399 1183 3479 πάσχεις
1207 3402 1238 3458 τί
1256 3395 1433 3478 χενήπεται,·

785 3507 837 3565 ποῖ
859 3504 885 3564 δ’
912 3505 956 3565 ἔτι
979 3509 1059 3574 τέλος
1082 3505 1188 3586 ἐπάγει
1211 3504 1301 3576 dade,-

260 3629 293 3684 nt
317 3623 381 3684 sint
404 3629 555 3706 quattuor
578 3624 704 3690 dimetri
727 3626 902 3692 dochmiaci
925 3628 1067 3692 eiusdem
1091 3647 1216 3714 semper
1233 3629 1351 3692 formae
1374 3633 1692 3710 (υυυ-υ-
1711 3627 1714 3713 l
1732 3607 2060 3711 ὕων-πμ),

256 3727 295 3790 ad
320 3747 401 3811 quos
424 3728 557 3794 dimeter
579 3730 733 3796 iambicus
755 3733 789 3795 in
812 3733 876 3796 fine
898 3734 1026 3798 accedit
1073 3734 1133 3799 Cui
1156 3736 1300 3818 strophae
1322 3733 1514 3818 respondere
1537 3735 1618 3799 hanc
1641 3735 1866 3818 antistropham
1889 3741 1981 3819 puto:

783 3842 901 3899 ἐέἐέ.

783 3944 964 4028 ἀκροβόλων
986 3945 1138 4020 ἐπάλξεων
1159 3945 1253 4014 λιθάς
1274 3944 1403 4026 ἔρχεται.

782 4051 918 4136 κόναβος
941 4057 974 4114 ἐν
996 4052 1108 4122 πύλαις
1126 4051 1322 4132 χαλκοδέτων
1344 4055 1471 4113 σακέων.

785 4157 1034 4241 πολεμόκραντον
1057 4157 1153 4241 ἀμνὸν
1176 4162 1254 4226 racc
1278 4164 1310 4221 ἐν
1331 4157 1432 4240 μάχᾳ.

782 4265 825 4328 σύ
851 4287 889 4337 τε,
911 4265 1047 4349 μάκαιρ’
1074 4263 1189 4328 άναπσ”
1213 4265 1364 4346 Ὀχκαῒα,
1389 4265 1499 4334 πόλεως

781 4371 956 4434 ἑπτάπυλον
978 4371 1043 4441 ἐ’δος
1066 4371 1217 4454 ἐπιρρύου.

251 4491 340 4566 Quae
368 4494 476 4556 omnia
498 4494 538 4557 ad
562 4494 678 4560 codicis
699 4495 831 4562 lledioei
855 4499 1045 4581 scripturam
1070 4517 1165 4580 quam
1190 4499 1335 4581 proxime
1358 4497 1505 4562 accedere
1526 4495 1625 4577 vides,
1653 4497 1715 4560 nisi
1739 4497 1826 4580 quod
1849 4497 2056 4564 Hermannus

252 4617 315 4661 una
344 4599 484 4664 litterula
511 4601 690 4684 paullulum
721 4609 840 4667 mutato
868 4603 949 4668 bene
976 4605 1114 4668 restituit
1141 4609 1173 4664 ἐν
1194 4601 1287 4684 μάχᾳ
1303 4603 1311 4688 l
1326 4602 1369 4666 od
1393 4623 1423 4664 τε
1450 4623 1506 4686 pro
1534 4609 1567 4663 ἐν
1592 4600 1739 4683 μάχαιοί
1764 4626 1793 4664 τε
1822 4609 1854 4669 et
1876 4605 1977 4670 codex
1999 4625 2056 4688 pro

357 4829 400 4898 14)
419 4827 491 4884 lllud
511 4831 543 4884 do
559 4829 684 4898 Apolline
701 4831 879 4900 fragmentum
900 4833 1004 4901 quade
1023 4847 1120 4887 caussa
1138 4833 1191 4888 huo
1211 4831 1317 4887 illatmn
1338 4833 1382 4898 sit,
1401 4831 1456 4884 nisi
1474 4829 1648 4886 antitheticaa
1666 4831 1778 4886 rationis
1797 4848 1894 4888 caussa
1911 4832 1987 4900 valis,
2008 4834 2055 4888 aix

253 4912 423 4974 discernitur.
460 4919 585 4974 Fortasse
608 4921 695 4988 potest
719 4921 845 4974 similiter
868 4923 949 4990 atque
974 4919 1080 4992 Ἀρτιμι
1102 4923 1166 4981 φίλα
1190 4921 1321 4990 explicari
1344 4920 1388 4975 vol
1411 4921 1492 4974 etiam
1516 4919 1550 4973 ab
1569 4921 1743 4988 grammatico
1762 4922 1877 4990 quodam
1896 4921 2053 4976 adiunctum

252 5017 318 5070 esso,
338 5007 384 5074 qui
403 5009 517 5062 cundem
537 5009 616 5062 deum
637 5025 684 5076 par
701 5005 794 5060 Λύκει’
812 5008 880 5065 ἄναξ
898 5009 952 5064 ianr
973 5025 1056 5078 supra
1075 5009 1195 5065 invocari
1215 5027 1268 5064 non
1288 5009 1464 5064 intellexerat,
