4782 5920
1020 489 1179 498 -ῇ-
1227 452 1265 514 16
1312 491 1471 496 —ffl

342 649 492 714 omnibus
519 648 678 734 probatur,
706 650 799 712 etiarn
828 648 880 712 illa
902 650 996 733 primi
1025 649 1174 712 carminis
1199 653 1371 728 systemata
1393 648 1541 732 proodica
1564 649 1603 714 de
1626 669 1709 713 novo
1733 651 1975 714 examinemus?
2022 649 2092 726 Qua
2115 651 2148 712 in

342 775 376 818 re
405 753 589 820 difficillima
617 757 676 820 etsi
705 757 769 820 scio
799 774 910 819 omnes
938 756 1167 819 controversias
1192 754 1360 837 disceptari
1384 774 1449 818 non
1472 775 1577 838 posse,
1604 761 1710 820 λιιιιιοιι
1733 759 1829 822 etiam
1851 757 1969 820 incerta
1993 756 2146 840 quaedam

342 881 533 946 proponere,
560 881 656 945 quam
685 862 792 925 omnia
818 862 851 924 in
877 860 974 926 dubio
997 861 1176 945 relinquere
1200 860 1300 925 malui
1323 879 1360 925 eo
1385 863 1531 944 consilio,
1554 868 1591 927 ut
1614 864 1642 927 si
1666 863 1744 946 quid
1767 883 1879 946 parum
1903 863 2073 927 felicitare
2099 881 2149 924 me

343 972 528 1052 susceptum
553 973 645 1050 esset,
667 968 700 1032 id
723 987 832 1032 ansam
856 975 962 1032 tamma
991 968 1078 1032 daret
1101 968 1139 1032 ad
1163 987 1272 1032 veram
1290 968 1390 1031 huius
1413 968 1522 1050 proodi
1544 975 1691 1033 naturam
1714 969 1934 1054 indagandam.

447 1074 509 1139 Sed
528 1080 564 1139 ut
587 1075 712 1160 singula
731 1076 840 1157 paucis
865 1075 1077 1156 absolvamus,
1101 1080 1251 1158 quattuor
1274 1075 1325 1138 rel
1348 1093 1406 1138 sex
1428 1094 1542 1139 versus
1565 1077 1666 1160 primo
1690 1078 1796 1140 statim
1819 1084 1950 1160 aspectu
1969 1095 2010 1140 ex
2030 1081 2148 1140 cetero·

341 1200 414 1244 rum
443 1179 634 1244 obscuritate
657 1182 700 1245 ita
723 1181 859 1258 elucent,
882 1187 919 1245 ut
942 1182 1014 1245 inde
1039 1181 1261 1265 disputationis
1285 1182 1413 1245 initium
1437 1201 1548 1265 capere
1571 1201 1637 1246 non
1661 1181 1816 1247 dubitem:
1846 1183 1903 1246 hos
1935 1182 2004 1246 dico
2026 1201 2148 1262 versus,

342 1307 479 1370 quorum
504 1287 596 1351 lectio
619 1289 675 1350 vix
698 1287 757 1351 ulli
780 1287 971 1351 dubitationi
994 1286 1131 1351 obnoxia
1155 1307 1224 1352 esse.
1247 1293 1363 1371 potest:

871 1391 1005 1474 ἀκμάζει
1027 1397 1170 1476 βρετέων

872 1499 1015 1580 ἔχεσθαι·
1039 1503 1071 1560 τί
1089 1499 1266 1586 μέλῖλομιν
1289 1498 1475 1580 ἀγάστονοι;

872 1605 993 1667 ἀκούετ’
1021 1605 1040 1681 ἢ
1063 1609 1120 1667 ούκ
1143 1604 1266 1667 ἀκούετ’
1293 1605 1432 1668 ἀσπίδων
1454 1605 1611 1678 arciaca,-

871 1716 991 1773 πέπλων
1013 1713 1068 1773 καὶ
1092 1715 1243 1790 στεφέων

873 1818 940 1880 πότ’
966 1818 1061 1901 εἰμὴ
1084 1819 1140 1880 νύν
1163 1819 1274 1906 ἀμλφὶ
1296 1819 1396 1882 λιτάν’
1422 1819 1546 1901 iterra,-

871 1923 1010 1986 κτύπον
1032 1925 1170 2008 δέδορκα,
1195 1926 1333 2007 πάταγος
1356 1928 1414 2008 οὐχ
1437 1925 1503 1996 ἑνὸς
1525 1925 1619 2008 δορός.

339 2031 421 2096 Nam
455 2037 487 2095 et
516 2031 570 2094 illa
602 2029 697 2094 rerba
720 2029 801 2110 ἔχειν
829 2031 913 2112 ἀμφὶ
941 2032 1052 2094 λιτανὰ
1083 2037 1202 2095 πέπλον
1229 2033 1284 2094 καλ
1312 2036 1446 2110 στεφέων
1473 2040 1640 2118 poetarum
1668 2052 1757 2097 more
1785 2036 1833 2114 (ut
1861 2033 1946 2115 apud
1969 2031 2146 2116 Vergilium

340 2140 420 2202 Aen.
444 2137 486 2218 II,
510 2138 573 2200 725
600 2157 657 2221 per
685 2157 781 2222 opaca
804 2139 959 2220 locorum)
983 2141 1100 2225 optime
1124 2142 1375 2223 coniunguntur,
1398 2140 1435 2204 cf.
1459 2139 1606 2224 Xenoph.
1631 2139 1742 2223 Oyrop.
1767 2142 1797 2220 4,
1821 2141 1849 2205 5.
1875 2140 1915 2202 15
1940 2138 2024 2220 ἀμφὶ
2049 2142 2147 2199 ταῦτα

340 2244 421 2324 ἔχειν
448 2264 507 2310 nec
534 2246 568 2308 iu
595 2245 767 2328 particulae
795 2223 851 2306 νύν
873 2253 1015 2330 correpta
1042 2245 1162 2328 syllaba
1186 2247 1364 2332 quidquam
1387 2265 1457 2312 esse
1481 2267 1539 2310 cur
1562 2246 1702 2312 offendas
1727 2249 1802 2310 satis
1826 2246 1963 2330 exposui
1984 2247 2019 2308 in
2043 2244 2149 2310 obser·

340 2359 415 2418 vatt.
444 2374 472 2437 p.
502 2351 603 2432 22³¹)
655 2350 740 2428 Quin
773 2353 867 2416 etiam
902 2371 1110 2417 numerorum
1143 2354 1285 2438 argutiae
1317 2354 1351 2416 in
1383 2354 1525 2417 minimis
1559 2373 1689 2437 quoque
1716 2352 1812 2418 rebus
1841 2352 2016 2416 custoditae
2051 2373 2145 2436 quam

340 2461 481 2524 maxime
514 2458 673 2522 declarant
704 2458 817 2520 horum
851 2477 1005 2523 versuum
1037 2460 1191 2524 rationem
1220 2479 1350 2543 prorsus
1382 2460 1516 2524 eandem
1548 2479 1618 2525 esse
1648 2465 1743 2544 atque
1771 2460 1901 2524 alterius
1924 2459 2063 2543 quaein
2090 2458 2148 2522 hac

340 2566 447 2631 fabula
477 2565 642 2628 invenitur
674 2563 784 2648 proodi
815 2584 845 2628 v.
875 2565 1058 2629 932-940
1087 2571 1118 2630 et
1146 2567 1240 2650 epodi
1266 2587 1296 2630 v.
1331 2568 1524 2649 ala—988,
1562 2586 1644 2652 quos
1672 2585 1785 2631 versus
1818 2571 1908 2650 poeta
1940 2571 1978 2629 ut
2004 2566 2087 2630 inter
2114 2585 2148 2630 se

340 2673 532 2756 adaequaret
553 2670 707 2756 singulos,
731 2670 810 2753 quin
833 2675 917 2734 certo
941 2671 1079 2755 quodam
1108 2673 1242 2736 consilio
1266 2674 1307 2737 sit
1330 2674 1456 2756 ductus,
1484 2693 1577 2738 nemo
1601 2675 1706 2750 adhuc
1729 2672 1858 2738 dubitat.

447 2777 561 2862 Neque
584 2795 659 2840 vero
678 2777 712 2839 hi
729 2796 843 2840 versus
862 2778 919 2860 qui
938 2796 1088 2842 mensura
1109 2797 1201 2862 pares
1226 2798 1294 2844 esse
1313 2781 1483 2844 videantur
1501 2783 1534 2844 in
1553 2781 1612 2844 hac
1629 2780 1748 2865 parodo
1768 2779 1825 2842 soli
1845 2784 1929 2842 sunt.
1966 2777 2049 2842 Nam
2074 2798 2146 2843 cum

340 2904 471 2949 versum
502 2885 543 2947 93
573 2883 709 2948 eundem
739 2901 808 2948 esse
836 2884 1016 2948 trimetrum
1045 2885 1265 2950 dochmiacum
1298 2888 1397 2950 unius
1424 2886 1497 2950 licet
1524 2887 1613 2950 verbi
1641 2887 1765 2951 defectu
1798 2885 2003 2970 depravatum
2037 2905 2145 2950 omnes

341 2993 598 3073 consentiant,³³)
626 2991 719 3054 etiam
742 2991 800 3055 hos
824 3009 946 3072 versae,
974 2992 1030 3073 qui
1057 2992 1203 3075 proxime
1232 2993 1425 3057 antecedunt
1453 2992 1638 3077 quibusque
1660 2993 1921 3078 interrogationes
1945 2995 2146 3057 continentur

341 3099 373 3161 in
394 3099 525 3162 eandem
542 3098 740 3178 sententiam,
758 3103 935 3180 exaequata
953 3097 1152 3180 singularum
1168 3097 1361 3180 syllabarum
1381 3101 1557 3183 quantitate
1575 3102 1657 3164 inter
1676 3119 1709 3164 se
1724 3118 1898 3184 congruere
1912 3101 1947 3164 in
1962 3103 2066 3184 aperto
2082 3102 2140 3160 est:

766 3223 809 3289 τίς
833 3219 896 3302 ἄρα
919 3219 1055 3303 ῥύσεται,
1075 3221 1080 3306 Ι
1101 3224 1144 3289 τίς
1167 3221 1219 3304 ἀρ’
1245 3227 1428 3304 ἐπαρκέσει
1443 3222 1457 3311 11
1473 3227 1557 3287 θεῶν
1579 3225 1599 3301 ἢ
1621 3228 1720 3297 decia,-

767 3325 881 3410 πότερα
904 3326 969 3402 δῆτ’
996 3327 1061 3408 ἐγώ,
1083 3327 1087 3413 Ι
1108 3327 1221 3410 πότερα
1245 3325 1427 3412 προσπζέσω
1442 3328 1456 3417 ΙΙ
1471 3334 1564 3413 βρέτη
1587 3330 1756 3413 δαιμόνων;

448 3452 537 3529 Quae
563 3454 592 3515 si
618 3459 702 3517 recte
730 3452 895 3517 observata
917 3458 1007 3534 sunt,
1033 3453 1067 3516 id
1094 3472 1198 3518 unum
1226 3455 1376 3536 efficitur,
1404 3456 1490 3539 quod
1518 3455 1694 3541 plurimum
1718 3456 1803 3520 valet
1825 3457 1863 3520 ad
1886 3455 2024 3538 reliquas
2046 3451 2144 3515 huius

342 3561 487 3644 strophae
504 3558 671 3642 proodicae
689 3565 793 3642 partes
811 3558 892 3622 bene
911 3559 1134 3642 disponendas,
1151 3566 1188 3624 ut
1206 3562 1393 3626 exclamatio
1412 3561 1467 3625 illa
1485 3561 1522 3622 to
1535 3561 1678 3643 μάκαρες
1695 3561 1818 3644 εὔεδροι,
1838 3583 1936 3648 quam
1949 3558 2146 3625 Biichelerus

342 3667 428 3731 haud
456 3666 617 3750 eleganter
642 3667 677 3729 in
704 3667 832 3730 numeri
855 3667 1097 3730 continuitatem
1119 3667 1164 3730 ita
1191 3676 1329 3733 coartare
1357 3668 1513 3751 studebat,
1539 3675 1576 3732 ut
1599 3667 1750 3734 scriberet
1772 3668 1808 3728 td
1829 3668 1972 3749 μάκαρες
1994 3665 2147 3754 εύλεδροτ·

341 3771 434 3854 ἀκμὰ
464 3775 607 3854 βρετέων,
639 3771 689 3836 his
721 3773 935 3837 trimetrorum
966 3774 1050 3836 inter
1081 3791 1115 3836 se
1149 3775 1266 3856 optime
1298 3777 1545 3859 congruentium
1577 3775 1708 3860 paribus
1740 3775 1818 3840 falso
1852 3776 2013 3840 interiecta
2042 3775 2148 3838 videa·

341 3887 401 3944 tur.
448 3879 580 3943 Accedit
608 3878 695 3961 quod
717 3879 795 3943 haec
818 3879 882 3943 duo
906 3879 1061 3943 adiectiva
1082 3877 1225 3961 μάκαρες
1247 3887 1279 3944 et
1300 3879 1415 3963 εὔεδροι
1438 3883 1507 3946 sino
1531 3880 1730 3946 substantivo
1757 3883 1831 3942 θεοί
1854 3881 1907 3946 vel
1930 3880 2074 3962 δαίμονες
2096 3878 2147 3939 vel

341 3988 403 4051 alio
429 4002 493 4070 quo
518 4004 574 4070 per
596 4003 631 4049 se
654 3991 737 4048 stare
759 3987 816 4048 rix
839 3985 1016 4050 credideris.
1062 3984 1168 4061 Quid?
1192 3988 1260 4070 ipse
1282 3987 1334 4051 hic
1357 3979 1460 4069 locus,
1489 3989 1545 4071 qui
1568 4007 1691 4052 vacuus
1713 3989 1953 4072 relinquebatur
1974 3988 2147 4068 propterea,

342 4093 428 4178 quod
446 4092 552 4157 solum
572 4090 704 4155 verbum
723 4090 881 4173 δαιμόνων
897 4094 931 4156 λιι
951 4112 1017 4156 una
1033 4092 1149 4175 pagina
1167 4093 1372 4158 scribendum
1391 4100 1466 4176 erat,
1494 4113 1601 4158 nonne
1620 4097 1804 4178 aptissimus
1827 4094 1926 4158 luisse
1948 4089 2086 4169 videtur,
2108 4087 2147 4151 ad

343 4219 439 4285 quem
463 4199 619 4264 nonnulla
642 4217 683 4262 ox
705 4199 848 4282 margine
875 4197 971 4262 verba
994 4199 1252 4283 appingerentur,
1279 4219 1361 4284 quae
1385 4220 1449 4285 qno
1472 4200 1625 4265 trahenda
1648 4209 1763 4284 essent,
1789 4204 1866 4263 nota
1889 4195 2026 4281 quadam
2050 4195 2147 4278 signi-

340 4307 428 4370 ficari
456 4307 579 4392 potuit?
630 4304 689 4370 Oui
717 4306 763 4368 rei
785 4305 902 4368 idcirco
925 4307 1025 4369 maior
1052 4305 1132 4370 fidos
1159 4307 1299 4389 additur,
1332 4307 1416 4390 quod
1449 4306 1560 4370 eodem
1588 4307 1652 4372 iere
1682 4315 1822 4391 tempore
1848 4303 1902 4366 Th.
1930 4300 2088 4386 Bergkius
2117 4309 2148 4365 et

449 4535 493 4605 32)
513 4533 578 4588 πότ’
597 4533 621 4586 ω’
637 4533 675 4601 μὴ
693 4553 740 4586 νον
759 4530 826 4594 ἀμφι
816 4535 899 4584 ικτλ.
936 4534 1108 4589 Hermannus
1128 4540 1236 4604 optime,
1259 4551 1348 4606 aqua
1366 4534 1480 4591 lectione
1498 4536 1583 4590 codex
1601 4535 1637 4590 M.
1656 4552 1710 4591 non
1729 4532 1830 4588 recedit
1848 4533 1904 4588 nisi
1921 4535 1950 4588 λιι
1969 4535 2092 4640 aocentq,
2117 4535 2148 4584 ut

342 4641 449 4694 semper
466 4626 553 4678 λοισι
538 4629 594 4688 νῦν,
618 4615 676 4696 ἀρ’,
700 4622 802 4678 similia
818 4622 894 4677 nulla
912 4623 1073 4692 quantitatis
1095 4624 1198 4679 ratione
1215 4621 1309 4680 habita
1332 4629 1489 4681 ocournmt:
1515 4624 1588 4694 Sept.
1607 4623 1660 4678 398
1682 4622 1730 4675 τόν
1748 4617 1818 4683 αἰιδν
1836 4623 1883 4672 νῦν
1901 4623 1944 4678 91.
1962 4612 2052 4677 472’
2034 4616 2082 4693 αρ’
2099 4635 2148 4688 pro

342 4711 398 4786 ἄρ’,
423 4712 524 4768 756ι
496 4731 524 4764 τι
525 4731 556 4764 ον
578 4729 626 4782 pro
648 4713 708 4765 rior
731 4711 824 4782 Suppl
843 4711 895 4766 926
918 4707 1036 4798 adduae?
1023 4731 1049 4762 ιι
1072 4729 1166 4781 prov
1139 4711 1235 4764 ἔν”θ
1220 4695 1293 4775 opib.
1329 4715 1441 4770 Formae
1459 4715 1549 4802 autam
1569 4729 1637 4783 quae
1656 4707 1750 4767 est
1716 4689 1764 4766 νύν
1782 4711 1893 4766 eandem
1911 4727 1971 4766 esse
1991 4711 2047 4766 rim
2066 4710 2147 4778 atque

342 4801 455 4858 alterins
474 4801 663 4857 oiroumssaxaa
683 4819 747 4856 cum
766 4799 929 4857 similia‘a
881 4821 952 4863 ομιτ,
973 4799 1045 4870 ἧμιν,
1022 4804 1123 4855 ιλιιιιι
1141 4801 1223 4858 locu
1204 4807 1242 4859 ιο
1261 4804 1309 4859 illa
1327 4803 1456 4858 detritas
1443 4805 1521 4854 ιὶια
1506 4824 1557 4857 ιον
1542 4804 1648 4858 edocet
1662 4803 1734 4873 apud
1748 4799 1984 4870 Epicharmumet
1972 4799 2147 4854 tPindarum

342 4887 472 4960 correpta.
510 4889 548 4944 Cf.
567 4889 654 4945 Woli-
655 4890 862 4946 Bellermannus
880 4892 915 4946 ad
933 4889 1014 4962 Soph.
1033 4893 1096 4945 Ant.
1115 4891 1175 4946 705.
1335 4892 1381 4962 33)
1400 4889 1483 4962 ardep·
1484 4912 1503 4944 ιι
1521 4909 1555 4947 ex
1579 4889 1683 4946 scholio
1701 4889 1849 4945 Mediceo'
1841 4888 1980 4943 invenisse
1998 4887 2052 4942 sibi
2070 4889 2148 4942 visus

342 4983 387 5034 est
404 4979 605 5046 Volkmannus,
624 4977 738 5050 πατρώι’
758 4978 977 5051 Heirnsoethius,
999 4981 1069 5035 milri
1088 4980 1200 5053 πότ[ιρα
1218 4981 1370 5052 καταρτίσω
1389 4982 1475 5050 magis
1494 4981 1612 5037 arridere
1631 4980 1689 5033 dixi
1707 4979 1812 5034 observ.
1831 4994 1857 5046 p.
1877 4977 1918 5033 10.
1956 4977 2055 5032 Contra
2072 4977 2148 5031 illam

342 5071 411 5136 δῆτα
434 5066 608 5138 particulam,
636 5067 665 5121 id
692 5069 764 5137 qnod
791 5069 828 5124 M.
851 5071 1020 5126 Schmidtius
1042 5069 1163 5139 negabat,
1188 5085 1238 5124 suo
1261 5069 1320 5124 loco
1344 5085 1416 5136 esse,
1440 5070 1466 5124 ei
1483 5069 1616 5126 Paseowii
1639 5067 1747 5123 lexicon
1770 5066 1821 5121 sub
1845 5083 1871 5122 ι’.
1890 5066 1904 5120 1
1926 5066 1978 5121 sub
2000 5066 2081 5121 linem
2105 5066 2147 5119 in·

342 5159 473 5227 spexeris,
492 5156 571 5213 facile
589 5157 719 5212 inuenies.
