4782 5920
925 427 1031 432 ,Μ
1060 429 1072 432 -
1131 389 1171 450 13
1251 429 1282 432 --
1298 427 1376 432 --A

778 582 817 646 σδ
839 582 878 654 δ’,
903 580 1003 665 Ἄρης,
1026 582 1115 644 πόλιν
1137 582 1272 664 Κάδμου
1295 581 1457 664 ἐπώνυμον

777 689 915 768 φύλαξον
936 688 1069 765 κήδεσαί
1089 691 1114 749 τ’
1141 693 1280 771 ἐναργῶς.

353 817 519 882 Postremo
544 837 648 881 unum
669 815 862 900 relinquitur
884 817 918 879 in
942 815 1054 878 harum
1078 814 1278 898 periodorum
1303 815 1449 895 circuitu,
1470 816 1505 878 in
1529 835 1593 899 qno
1612 815 1733 900 aliquid
1751 815 1900 881 offendas.
1936 817 2054 882 Versni

246 928 332 991 enim
354 926 416 988 123
435 922 594 1006 ἰχθυβόλῳ
611 927 756 1005 μαχανᾷ,
779 920 936 984 Ποσειδᾶν
957 923 992 984 in
1021 921 1189 1004 strophiois
1213 923 1268 1005 qui
1288 921 1487 1006 respondeat,
1509 921 1652 986 nondum
1671 929 1815 1006 repertus
1833 943 1902 988 esse
1922 923 2054 989 videtur.

246 1033 329 1097 Nam
363 1036 521 1115 quotquot
554 1031 753 1095 coniecturae
785 1050 804 1092 a
836 1029 914 1092 viris
947 1028 1048 1092 doctis
1076 1028 1213 1111 prolatae
1241 1034 1329 1110 sunt,
1361 1035 1397 1093 ut
1424 1047 1538 1091 versus
1566 1030 1812 1113 antistrophieus
1841 1031 1879 1094 ad
1903 1031 2055 1115 strophioi

247 1159 361 1204 versus
385 1138 539 1202 rationem
563 1137 780 1220 corrigeretur,
803 1155 858 1200 eae
881 1153 992 1199 omues
1017 1133 1257 1218 displicuerunt,
1277 1142 1313 1199 ut
1331 1133 1497 1199 Ritsehelii
1511 1134 1678 1218 ἰχθυβόλῳ,
1698 1135 1888 1207 Ποσειδάων,
1910 1141 2054 1217 μαχανᾷ,

247 1243 391 1308 Merkelii
418 1243 576 1326 ἰχθυβόλῳ
607 1242 719 1324 μάχαν
747 1239 914 1324 ἀπο(σόβει
941 1244 1079 1322 κέντρῳ),
1106 1240 1296 1325 Westphalii
1323 1241 1520 1323 ίχθυβόλοισι
1546 1245 1710 1324 μαχαναῖς
1738 1241 1918 1329 (θηρεύων),
1946 1243 2055 1308 Weilii

247 1348 417 1432 ίχθύβολον
445 1349 598 1412 τινάσσων
624 1348 765 1430 μεγάλαν
791 1347 925 1430 αἰχμάν,
953 1347 1119 1419 Ποσειδᾶν,
1147 1347 1254 1430 φόβων
1277 1349 1414 1410 ἐπίλυσιν
1436 1347 1526 1410 δίδου.
1571 1349 1713 1431 Accedit,
1740 1350 1826 1433 quod
1854 1371 1894 1414 ex
1918 1370 1955 1415 ea
1976 1351 2056 1435 lege,

249 1477 345 1540 quam
373 1458 501 1540 ipsein
529 1455 805 1522 observationibus
833 1455 872 1520 de
898 1474 1035 1520 numero
1059 1455 1241 1518 dochmiacu
1264 1478 1293 1540 p.
1318 1457 1338 1519 8
1362 1460 1393 1519 et
1416 1456 1443 1536 ξ.
1470 1457 1510 1518 14
1539 1456 1689 1541 exposui,
1722 1456 1902 1538 Aeschylus
1931 1475 2056 1542 semper

249 1563 504 1628 dochmiaoarum
537 1564 740 1648 periodorum
772 1565 806 1626 in
834 1561 898 1626 fine
931 1561 1091 1626 clausulas
1127 1563 1375 1627 alloeometrioas
1404 1562 1514 1643 adicit,
1545 1569 1582 1625 ut
1608 1564 1703 1626 etiam
1732 1563 1770 1628 de
1798 1563 1893 1628 altero
1922 1564 2055 1630 dimetro

248 1669 429 1734 dochmiaco
457 1672 595 1732 ἐπίλυσιν
621 1669 724 1752 φόβου
753 1672 890 1730 ἐπίλυσιν
917 1667 1000 1728 δίδου
1023 1669 1115 1733 valde
1139 1668 1272 1734 dubites.
1319 1667 1432 1751 Itaque
1456 1669 1541 1751 quod
1564 1666 1724 1733 Henrious
1748 1669 1944 1736 Schmidtius
1967 1672 2055 1736 huno

246 1795 376 1840 versum
400 1775 572 1860 (ἰχθυβόλῳ
594 1779 739 1858 μαχανᾷ,
762 1773 930 1856 Ποσειδᾶν)
959 1795 1056 1859 quam
1081 1777 1220 1840 maxime
1244 1774 1380 1856 damnat,
1408 1776 1501 1857 quasi
1524 1774 1563 1838 ab
1588 1782 1654 1840 arte
1676 1776 1856 1858 Aeschylos
1882 1777 2056 1858 abhorreat,

246 1884 277 1947 id
301 1883 378 1948 adeo
402 1884 482 1948 mihi
507 1881 711 1966 improbatur,
735 1889 772 1945 ut
794 1881 877 1945 idem
902 1900 1015 1946 versus
1040 1883 1133 1946 etiam
1158 1881 1219 1945 alio
1242 1881 1341 1945 huius
1361 1881 1512 1944 carminis
1534 1881 1604 1946 loeo
1623 1883 1843 1967 agnoscendus
1862 1902 1932 1947 esse
1952 1885 2054 1948 videa·

246 1995 305 2054 tur.
352 1989 479 2054 Etenim
505 1991 657 2073 quoniam
680 1989 787 2072 ipsum
812 1987 898 2052 hune
920 2007 1051 2053 versum
1074 1989 1108 2052 in
1132 1990 1222 2053 exitu
1239 1987 1444 2073 periodorum
1463 2007 1539 2051 oum
1558 1987 1691 2053 aliarum
1711 1995 1780 2052 tum
1800 1989 2054 2054 dochmiaoarum

244 2098 383 2162 inveniri
411 2098 446 2159 in
474 2095 597 2160 observ.
627 2096 666 2161 de
689 2114 824 2159 numero
848 2095 970 2160 dochm.
993 2115 1022 2179 p.
1048 2096 1065 2157 7
1095 2102 1144 2160 sat
1167 2095 1277 2160 multis
1304 2093 1462 2177 exemplis
1489 2113 1542 2158 me
1566 2095 1799 2160 demonstrasse
1828 2095 1969 2177 arbitror,
1996 2098 2054 2162 hos

247 2222 378 2287 quoque
401 2221 514 2266 versus
537 2202 704 2285 proodioos
725 2203 788 2266 112
808 2209 839 2266 et
861 2202 922 2264 121
943 2221 1018 2265 cum
1036 2199 1199 2266 Dindorfio
1213 2199 1341 2283 Ἀργέωι
1360 2199 1420 2282 γὰρ
1440 2200 1578 2282 πόλισμα
1597 2199 1734 2282 Κάδμου
1742 2202 1781 2281 ²⁹)
1801 2207 1832 2265 et
1850 2202 1905 2263 καὶ
1924 2203 2054 2287 Κόπρις,

246 2309 296 2370 ἅτ’
322 2309 351 2370 al
367 2313 471 2389 γένους
489 2309 667 2391 προμάτωρ,
687 2329 784 2393 quam
803 2329 877 2373 cum
897 2309 968 2373 aliis
988 2308 1117 2390 Ἀργέιοι
1139 2307 1169 2370 δὲ
1189 2307 1327 2390 πόλισμα
1347 2306 1483 2390 Κάδμου
1501 2315 1533 2373 et
1555 2307 1610 2368 καὶ
1628 2305 1759 2389 Κύπρις,
1782 2305 1834 2370 ἅτε
1858 2313 1962 2389 γένους
1985 2335 2054 2391 προ·

245 2415 354 2496 μάτωρ
388 2414 525 2480 seribere
558 2415 650 2496 malo,
682 2436 756 2480 eum
788 2417 972 2500 praesertim
1005 2416 1105 2480 codex
1138 2415 1300 2480 Medioeus
1332 2416 1436 2500 priore
1467 2415 1535 2478 loeo
1562 2414 1641 2478 illud
1670 2413 1703 2474 δέ
1727 2415 1760 2478 in
1788 2413 1849 2496 γὰρ
1876 2423 2054 2482 correctum

246 2521 368 2602 habeat,
391 2523 487 2586 altero
510 2528 617 2586 antem
637 2523 705 2586 loeo
725 2522 804 2586 illud
828 2522 857 2582 ιλ
878 2541 937 2586 neo
960 2524 1060 2607 possit
1084 2523 1193 2587 deesse
1211 2527 1243 2587 et
1260 2521 1408 2586 facillime
1431 2523 1570 2606 potuerit
1591 2523 1700 2604 perire.
1738 2521 1820 2587 Nam
1840 2524 1938 2605 vides,
1957 2545 2053 2608 quam

246 2628 337 2693 iacile
364 2631 503 2712 potuerit
530 2629 615 2710 fieri,
643 2637 679 2693 ut
706 2629 800 2692 horno
827 2629 909 2694 male
938 2629 1049 2693 doctus
1070 2622 1126 2690 άτε
1155 2649 1211 2712 pro
1234 2629 1456 2712 vulgatissima
1477 2628 1532 2691 illa
1555 2629 1708 2712 particula
1733 2611 1786 2690 ila
1811 2629 1947 2695 duceret.
1993 2631 2054 2696 Sed

246 2743 321 2800 utut
343 2737 381 2801 de
404 2736 454 2800 his
479 2755 559 2819 quos
583 2736 696 2800 ultimo
719 2736 787 2800 loou
810 2737 963 2819 proposui
982 2735 1127 2800 versibus
1145 2735 1304 2819 proodiois
1320 2733 1486 2815 iudicabis
1510 2737 1617 2800 versui
1643 2737 1705 2799 123
1728 2736 1888 2818 ἰχθυβόλῳ
1909 2743 2054 2818 μαχανᾷ,

247 2841 411 2914 Ποσειδᾶν,
435 2843 468 2905 in
488 2862 552 2926 quo
572 2843 725 2906 orationis
743 2861 816 2906 vere
835 2843 1032 2924 Aeschyleae
1051 2842 1136 2906 color
1155 2844 1259 2907 inesse
1277 2842 1432 2923 videatur,
1449 2843 1484 2905 in
1503 2843 1633 2926 stropha
1651 2844 1706 2926 qui
1725 2842 1922 2926 respondeat,
1946 2843 2054 2910 abesse

245 2951 437 3034 negaverim.
484 2947 565 3012 Nam
595 2949 719 3013 etiamsi
748 2947 953 3013 Conradtinm
980 2951 1015 3011 in
1043 2947 1181 3013 Hermae
1208 2955 1282 3012 tom.
1307 2947 1397 3012 v111.
1428 2949 1540 3034 (1874)
1564 2969 1593 3032 p.
1619 2950 1696 3030 153,
1724 2951 1781 3032 qui
1808 2950 1895 3013 huno
1922 2970 2052 3016 versum

244 3057 347 3141 fingit:
373 3054 575 3136 δοχμολόφων
597 3059 685 3135 κῦμα
709 3053 735 3113 δ’
762 3052 862 3134 ἀμφὶς
885 3054 1014 3137 ἀνδρῶν,
1038 3055 1282 3139 improbandum
1302 3075 1372 3120 esse
1391 3075 1515 3138 censeo,
1538 3061 1644 3120 tamen
1663 3074 1801 3133 versum,
1827 3058 1882 3139 qui
1903 3057 1961 3121 hoo
1983 3059 2054 3124 loeo

244 3164 450 3244 desideratur,
474 3163 641 3248 indagasse
665 3162 743 3226 mihi
765 3161 875 3225 videor
896 3162 958 3225 108
982 3161 1184 3243 δοχμολόφων
1202 3161 1322 3244 ἀνδρῶν
1339 3160 1496 3241 καχλάζει,
1519 3161 1613 3226 modo
1633 3181 1730 3225 uuam
1750 3163 1899 3226 restituas
1917 3163 2054 3229 litteram

244 3289 337 3353 apro
361 3269 387 3340 δ,
419 3277 457 3333 ut
489 3271 529 3334 sit
559 3272 682 3353 poetica
711 3269 814 3332 forma
841 3269 959 3350 ἀνέρων
989 3290 1045 3353 pro
1078 3267 1212 3350 ἀνδρῶν,
1245 3289 1342 3352 quam
1374 3270 1407 3332 in
1436 3269 1590 3334 dochmiis
1617 3270 1691 3332 ferri
1719 3268 1829 3354 Eurip.
1857 3269 1938 3334 Med.
1970 3273 2051 3334 1257

246 3375 343 3457 φόβος
376 3377 428 3436 όπ·
465 3377 582 3456 ἀνέρων
613 3375 795 3440 testimonio
829 3381 885 3439 est.
940 3375 1053 3459 Itaque
1085 3381 1227 3440 extrema
1259 3376 1357 3439 huius
1390 3375 1510 3459 periodi
1542 3396 1614 3459 pars
1645 3377 1722 3440 haee
1754 3377 1826 3440 erit:
1864 3381 1953 3456 κῦμα
1985 3379 2054 3459 περὶ

247 3479 352 3542 πτόλιν
372 3482 376 3564 l
397 3481 598 3561 δοχμολόφων
616 3484 733 3562 ἀνόρων
751 3480 898 3561 καχλάζει
918 3480 1037 3564 ΙἌριος
1056 3481 1187 3562 ὄρμενον
1206 3483 1314 3549 πνοαῖς
1333 3487 1364 3546 et
1383 3481 1597 3564 ποντομέδων
1616 3482 1698 3556 άναξ
1712 3480 1716 3570 t
1732 3481 1891 3564 ἰχθυβόλῳ
1908 3489 2052 3564 μαχανᾷ,

247 3587 413 3658 Ποσειδᾶν,
433 3592 438 3670 Ι
459 3589 596 3648 instaura
622 3587 724 3669 φόβου
751 3585 842 3650 δίδου.
888 3587 971 3652 Nam
999 3589 1137 3672 primum
1171 3588 1250 3651 illud
1283 3590 1402 3658 πνοαῖς,
1435 3589 1521 3672 quod
1552 3595 1624 3672 post
1655 3588 1802 3668 καχλάζει
1835 3591 1982 3672 traditur,
2002 3591 2053 3655 ud

246 3696 384 3777 proximi
407 3713 520 3759 versus
543 3701 717 3759 extremam
737 3712 848 3758 vocem
869 3695 1026 3777 pertinere
1044 3694 1134 3760 facile
1153 3696 1221 3779 ipse
1240 3697 1448 3779 perspexeris,
1471 3715 1543 3759 eum
1564 3699 1748 3780 praesertim
1765 3698 1800 3761 in
1818 3698 1905 3761 huno
1924 3717 2053 3781 quoque

246 3799 351 3864 locum
384 3802 488 3883 eadat,
521 3803 607 3886 quod
640 3801 826 3884 saepissime
856 3799 977 3865 fautum
1009 3819 1080 3866 esse
1112 3801 1408 3884 animadvertimus,
1441 3809 1476 3866 ut
1503 3802 1600 3868 rerba
1631 3810 1914 3888 transponerentur
1946 3804 2052 3869 hiatus

247 3907 376 3972 tollendi
405 3929 535 3988 caussa,
563 3910 619 3993 qni
647 3908 808 3992 legitimus
838 3915 887 3972 est
909 3915 1036 3992 propter
1058 3927 1269 3972 numerorum
1290 3909 1509 3990 mutationem,
1537 3910 1574 3973 ol.
1599 3909 1763 3974 Nauokius
1787 3911 1870 3974 stud.
1894 3909 2002 3994 Eurip.
2026 3911 2051 3975 I.

246 4035 273 4098 p.
298 4017 318 4078 8
343 4025 374 4080 et
402 4034 491 4080 meae
519 4014 640 4080 observ.
669 4035 697 4098 p.
727 4016 767 4077 21
779 4033 825 4098 sq.
858 4015 898 4079 ad
930 4014 1037 4098 lirrrip.
1071 4015 1225 4078 Androm.
1258 4015 1331 4078 856.
1364 4014 1441 4078 Ηοο.
1475 4015 1536 4078 691
1572 4025 1603 4080 et
1637 4018 1708 4081 101.
1763 4014 1885 4081 Deinde
1917 4016 2052 4081 alterum

246 4124 382 4183 ίπίλυσιν
408 4142 472 4185 non
502 4143 562 4188 suo
591 4122 660 4186 loco
689 4140 759 4185 esse
786 4141 827 4186 ex
856 4123 974 4206 optima
1001 4121 1054 4184 illa
1082 4122 1215 4186 lectione
1245 4141 1327 4205 quae
1354 4129 1401 4186 est
1429 4122 1529 4203 φόβου
1551 4142 1608 4205 pro
1631 4143 1728 4207 prava
1751 4123 1804 4186 illa
1827 4128 1922 4206 atque
1946 4125 2053 4207 inepta

245 4227 357 4306 φόνων,
390 4249 486 4313 quarn
519 4229 606 4312 prior
629 4228 747 4292 codicis
778 4226 911 4292 Medioei
943 4248 1058 4292 manus
1091 4229 1227 4308 dederat,
1259 4231 1335 4294 satis
1368 4230 1596 4294 demonstravit
1627 4229 1868 4294 Heimsoetbins
1900 4230 1940 4294 ad
1972 4232 2002 4294 b.
2031 4232 2051 4298 l.

245 4337 354 4420 Atque
374 4336 433 4399 hoo
450 4336 519 4399 loeo
539 4337 676 4396 ἐπίλυσιν
693 4334 771 4398 falso
790 4335 889 4417 repeti
908 4335 970 4400 alia
989 4355 1117 4420 quoque
1137 4337 1176 4401 de
1194 4357 1307 4400 caussa
1326 4337 1466 4400 adducor
1483 4343 1521 4401 nt
1543 4339 1732 4402 existimem.
1765 4336 1847 4400 Nam
1867 4337 2051 4421 saepissime

246 4444 306 4506 hoe
333 4441 447 4506 accidit
474 4441 508 4503 in
536 4441 686 4506 omnibns
713 4442 779 4506 fere
807 4447 970 4525 poetarum
998 4445 1188 4527 tragicorum
1215 4443 1344 4525 fabulis,
1374 4450 1411 4507 ut
1438 4443 1553 4508 librarii
1582 4444 1630 4507 bis
1658 4445 1709 4507 vel
1737 4444 1831 4507 etiam
1855 4450 1903 4508 ter
1926 4445 2052 4529 singula

247 4549 340 4614 verba
359 4546 554 4628 exhiberent,
578 4567 659 4632 qnae
680 4556 716 4612 ut
734 4549 833 4614 semel
852 4553 976 4612 tantum
996 4550 1151 4634 legantur,
1173 4551 1363 4635 plenamque
1381 4555 1412 4614 et
1431 4551 1516 4634 ipsos
1536 4569 1686 4614 numeros
1705 4550 1864 4633 postulare
1887 4552 1920 4614 in
1945 4557 2051 4635 aperto

247 4662 301 4720 est.
346 4655 446 4720 Cuius
478 4656 524 4719 rei
558 4675 639 4738 quae
672 4661 755 4720 esset
786 4656 875 4737 ratio,
906 4657 1023 4720 iterum
1054 4657 1237 4740 itonrmque
1270 4658 1444 4741 quaerenti,
1476 4677 1550 4721 cum
1583 4655 1721 4739 plurima
1754 4657 1900 4741 exempla
1927 4658 1960 4720 in
1987 4656 2051 4721 fine

248 4763 446 4846 potissimum
475 4763 676 4846 stropharum
704 4762 757 4825 vel
783 4762 985 4845 periodorum
1010 4782 1175 4828 occurrere
1198 4764 1392 4844 viderentur,
1420 4762 1558 4846 suspicio
1588 4763 1665 4826 mibi
1692 4783 1756 4828 non
1780 4765 1885 4847 potuit
1908 4783 1971 4827 non
1996 4784 2051 4829 ex·

353 4991 397 5060 29)
415 4991 485 5046 Nam
505 4992 537 5046 do
556 4993 670 5047 diaeresi
690 4991 738 5046 illa
760 4992 843 5046 attica
861 4992 889 5046 in
900 4989 1021 5064 Ἀργέιοι,
1040 4997 1072 5047 ut
1094 5008 1177 5063 supra
1195 5011 1219 5062 p.
1241 4991 1328 5046 aas
1346 4989 1453 5054 ’ίλγιαία
1475 4992 1521 5044 vix
1540 4997 1581 5044 ost
1600 5009 1649 5048 eur
1668 4993 1755 5048 dicam
1775 4994 1808 5049 oi.
1828 4993 1945 5063 exempli
1964 4995 2050 5062 gratia

246 5079 354 5134 Pindar.
374 5079 455 5149 Pyth.
477 5082 517 5150 10,
537 5083 571 5136 50
591 5082 716 5149 Πηνίιον,
736 5082 844 5137 similia.
