4782 5920
1044 460 1180 468 --
1226 426 1267 486 34

345 619 476 699 accedit,
498 617 607 703 Suppl.
629 617 812 700 tto-807,
831 619 898 682 adia.
934 619 1077 699 Accedit,
1096 619 1181 702 quod
1200 620 1291 702 prius
1310 621 1510 702 stropharum
1528 620 1641 703 parab
1660 620 1719 684 hoc
1738 641 1801 685 usu
1819 621 1998 701 Aeschyleo
2018 621 2148 685 minime

345 725 470 788 recedit.
516 723 597 788 Nem
631 724 729 789 habes
760 725 794 788 in
826 726 928 808 priore
957 725 1084 808 stropha
1110 725 1305 789 trochaicum
1339 731 1555 790 tetrametrum
1584 733 1616 789 et
1642 726 1813 792 iambicum
1842 729 2019 792 trimetrum
2052 733 2148 810 atque

346 837 573 912 tetrametrum,
596 832 648 894 cui
667 831 745 895 alter
763 837 943 896 tetrameter
961 832 1155 916 adiungitur,
1174 833 1323 914 quicum
1343 833 1454 896 rdtimo
1475 832 1608 897 dimetro
1628 838 1693 897 arte
1713 834 1864 916 cohaeret,
1887 839 1924 898 ut
1943 853 2066 918 semper
2082 834 2148 898 fere

345 937 381 1001 fit
407 939 442 1000 in
470 937 519 1000 his
549 937 702 1001 clausulis
734 937 947 1020 brevioribus,
979 938 1067 1002 velut
1099 939 1133 1000 in
1161 937 1334 1020 Sapphicae
1361 939 1508 1023 strophae
1530 939 1667 1003 Adonio.
1717 935 1830 1023 Neque
1858 942 1957 1024 igitur
1983 939 2022 1004 ab
2051 940 2149 1004 altera

346 1045 473 1128 stropha
510 1045 681 1108 tetrametri
720 1043 885 1108 abhorrere
922 1044 1086 1124 videntur,
1123 1044 1307 1127 praesertim
1344 1064 1418 1108 cum
1451 1045 1585 1110 dubium
1617 1065 1688 1110 esee
1720 1065 1785 1109 non
1816 1048 1932 1130 possit,
1969 1048 2048 1130 quin
2080 1047 2148 1130 ipse

345 1150 445 1214 codex
473 1149 635 1214 Mediccus
670 1170 771 1215 uuum
806 1157 888 1216 certe
922 1158 1138 1216 tetrametrum
1173 1151 1357 1214 etiamnunc
1384 1151 1548 1236 praebeat,
1580 1153 1671 1217 solito
1698 1171 1788 1216 more
1815 1155 1849 1216 in
1882 1153 1964 1217 duos
1998 1152 2148 1217 dimemos

346 1257 525 1322 secundum
558 1257 743 1321 Aristoxeni
775 1257 974 1341 aliorumque
1006 1257 1259 1338 rhythmicorum
1291 1264 1455 1342 praecepta
1489 1259 1642 1338 divisum,
1676 1245 1733 1319 τάν
1760 1257 1894 1321 άοτονον
1918 1257 2146 1342 μελάγκροκον,

345 1361 515 1424 ναύστολον
546 1361 692 1444 θεωρίδα,
725 1365 781 1447 qui
810 1384 922 1428 versus
951 1384 1025 1429 vere
1048 1363 1248 1444 Aeschyleus
1275 1383 1345 1428 esse
1372 1365 1507 1446 videtur,
1535 1364 1628 1428 modo
1655 1365 1819 1430 lenissima
1841 1365 1950 1430 Weilii
1973 1365 2148 1429 mutatione

345 1469 445 1533 deleto
479 1467 537 1529 τάν
568 1470 699 1533 articulo
727 1470 809 1534 illud
837 1469 970 1531 ἅστονον
996 1490 1053 1555 pre
1078 1459 1217 1530 devoror
1243 1472 1262 1532 i.
1291 1489 1315 1536 e.
1345 1470 1520 1551 dydorocor
1548 1472 1660 1553 ducas,
1690 1473 1775 1537 sicut
1802 1472 1906 1556 paullo
1935 1478 2008 1537 ante
2031 1493 2059 1535 ν.
2084 1472 2147 1535 829

344 1567 458 1656 ἇνορεά
473 1595 543 1641 esse
556 1595 613 1659 pro
630 1575 787 1657 dyardpaa
802 1579 885 1641 inter
899 1597 1009 1642 omnes
1029 1583 1159 1642 constat.
1193 1575 1320 1640 Etenim
1337 1563 1487 1661 quoniam
1504 1575 1637 1657 θεωρίδα
1654 1578 1798 1642 hocloco
1812 1597 1879 1642 non
1899 1597 2014 1642 narem
2027 1577 2148 1661 Apolli-

344 1703 463 1766 narem,
485 1701 597 1746 verum
622 1701 744 1746 sacram
763 1684 849 1746 viam
869 1701 938 1748 esse
955 1683 1162 1748 Hennaunus
1181 1683 1409 1748 demonstravit
1427 1703 1467 1748 ex
1486 1683 1642 1764 Hesychii
1659 1685 1767 1767 glossa
1785 1705 1809 1748 s.
1829 1705 1858 1748 v.
1879 1685 2005 1766 δεωροίε
2028 1687 2149 1766 λέγουσι

344 1786 372 1847 δὲ
397 1786 452 1848 καὶ
476 1785 531 1862 τὴν
554 1785 633 1858 ὀδόν,
657 1785 695 1847 δι’
723 1781 757 1862 ἧς
780 1791 866 1849 ἴασιν
888 1789 937 1850 ἐπὶ
960 1788 1000 1850 τὰ
1022 1790 1106 1872 λερά,
1133 1789 1277 1871 θεωρίδα,
1305 1810 1441 1873 quacum
1471 1791 1568 1854 altera
1591 1791 1702 1854 scholii
1725 1791 1859 1857 Medioei
1883 1791 2052 1877 explicatio
2075 1810 2148 1854 oon·

342 1896 442 1978 gruit:
470 1897 547 1974 λίγει
575 1893 604 1955 δὲ
634 1893 680 1954 ὅτι
702 1893 820 1969 ταύτην
848 1894 918 1956 ὁδὸν
941 1895 1134 1977 θεωρητικὴν
1162 1895 1262 1978 ὥσπερ
1286 1895 1366 1956 οἶδεν
1389 1897 1406 1956 ὁ
1429 1894 1535 1963 στόνος
1559 1895 1615 1970 τὴν
1637 1895 1686 1958 ἐπὶ
1709 1895 1763 1958 τὸν
1777 1896 1944 1978 Ἀχέροντα
1967 1901 2038 1969 κτλ,
2062 1897 2148 1981 quod

343 2000 529 2067 Diodorfius
562 2001 642 2064 male
676 2003 818 2082 correxit,
851 2008 946 2086 atque
978 2005 1071 2068 etiarn
1107 2003 1337 2087 quodammodo
1361 2002 1479 2067 Pollux
1513 2005 1543 2086 2,
1573 2005 1613 2065 55
1645 2010 1676 2065 ol
1702 2001 1763 2086 γάρ
1791 2003 1924 2064 Πυθῶδε
1952 2002 2065 2086 θεωροὶ
2093 2001 2149 2063 καὶ

344 2107 481 2191 θεατρικὴ
509 2108 577 2176 ὁδός
609 2111 680 2178 κτλ,
709 2107 788 2171 illud
821 2107 996 2190 ἀγάστονον
1023 2112 1140 2195 optime
1169 2111 1207 2173 ad
1230 2108 1364 2190 θεωρίδα
1394 2111 1510 2194 apponi
1537 2115 1666 2194 apparet
1689 2130 1795 2195 neque
1817 2109 2037 2194 μελάγκροκον,
2062 2109 2149 2194 quod

343 2215 529 2280 Hermanno
559 2217 711 2280 audacius
736 2214 856 2278 dictum
881 2215 1062 2298 videbatur,
1090 2218 1207 2280 maiore
1236 2235 1309 2279 cum
1334 2217 1467 2280 audacia
1490 2217 1551 2280 dici
1576 2237 1673 2300 quam
1697 2217 1781 2302 apud
1800 2217 1918 2302 Vergil.
1937 2217 2017 2281 Aen.
2035 2215 2060 2298 I,
2085 2217 2148 2279 224

344 2343 430 2386 mare
454 2323 638 2401 velivolum,
661 2322 785 2404 similia,
808 2329 840 2386 et
863 2323 992 2386 tertium
1015 2322 1094 2386 illud
1119 2323 1297 2396 ναύστολον,
1322 2325 1407 2407 quod
1429 2321 1615 2388 Dindorfins
1638 2327 1672 2387 in
1695 2325 1755 2389 lex.
1779 2324 1892 2389 Aesoh.
1917 2322 1977 2388 sub
2003 2324 2032 2387 h.
2057 2343 2085 2385 v.
2109 2322 2148 2386 ad

343 2431 427 2492 viam
452 2430 623 2493 convenire
646 2430 784 2513 negavit,
805 2430 882 2492 item
904 2428 985 2492 bene
1008 2430 1047 2492 ad
1070 2428 1204 2512 θεωρίδα
1228 2429 1309 2511 addi,
1333 2431 1400 2494 sive
1423 2431 1524 2494 active
1548 2431 1610 2494 dici
1632 2432 1722 2512 velis,
1744 2437 1781 2495 ut
1802 2430 1936 2495 verbum
1956 2432 2087 2490 στέλλειν
2109 2430 2148 2492 de

343 2536 396 2598 via
415 2537 495 2599 dixit
512 2533 685 2617 Lucienus,
702 2534 844 2599 Hermot.
870 2536 910 2598 27
932 2533 998 2604 ὁδὸς
1017 2543 1058 2604 εις
1077 2536 1238 2612 Κόρινθον
1255 2539 1376 2607 οτελλει,
1399 2544 1437 2602 ut
1455 2539 1496 2602 sit
1514 2540 1566 2602 via
1584 2538 1694 2602 umida
1712 2535 1803 2619 (ὑγρά
1822 2539 1976 2617 κέλευθα),
1994 2535 2148 2617 luctuosa,

343 2643 443 2726 nigris
471 2642 550 2705 velis
579 2649 687 2726 operta
714 2641 765 2705 rel
788 2643 937 2725 insignis,
960 2662 1073 2706 navem
1097 2643 1227 2723 vehenS,
1256 2644 1323 2706 sive
1350 2643 1382 2706 id
1407 2643 1492 2726 quod
1515 2644 1594 2708 mihi
1616 2651 1774 2727 praestare
1797 2644 1932 2727 videtur,
1954 2645 2090 2727 passive,
2113 2647 2148 2706 ut

345 2750 386 2810 sit
408 2749 470 2830 via,
492 2767 549 2832 per
572 2767 668 2831 quam
693 2746 829 2811 navibus
852 2749 990 2830 vehitur,
1014 2747 1096 2832 quae
1120 2747 1256 2812 navibus
1280 2749 1393 2813 aditur.

451 2888 539 2966 Quae
562 2909 638 2955 curn
660 2891 704 2954 ita
726 2891 799 2972 sint,
822 2891 1046 2974 antistrophice
1069 2891 1165 2956 verba
1186 2901 1271 2958 recte
1295 2911 1328 2956 se
1351 2891 1467 2956 habent
1489 2895 1548 2975 ite,
1570 2899 1606 2957 ut
1629 2895 1785 2957 sententia
1807 2892 1920 2956 evadat
1937 2893 2027 2958 haec:
2051 2893 2144 2976 ‘largo

345 3016 419 3060 curn
448 2997 537 3060 luctu
565 2998 599 3060 in
627 2998 727 3080 capite
755 3003 860 3061 vestro
888 2999 1057 3061 imitamini
1083 2998 1323 3082 remigationem
1351 3018 1523 3080 manuum,
1555 3018 1638 3083 quae
1664 3005 1815 3083 perpetuo
1848 3018 1904 3083 per
1931 2999 2140 3063 Acheruntem

344 3103 522 3168 luctuosam
550 3103 637 3167 illam
660 3105 783 3188 nigram
806 3105 892 3168 viam
914 3105 1074 3185 navalem,
1097 3124 1163 3168 non
1187 3104 1336 3168 calcatam
1360 3105 1510 3188 Apollini,
1537 3125 1603 3169 non
1626 3106 1793 3170 lustratam
1817 3105 1875 3170 soli
1898 3107 1937 3170 ad
1959 3105 2032 3168 litus
2054 3105 2139 3186 igno·

345 3215 414 3274 tum
437 3217 469 3275 et
491 3230 601 3275 omnes
623 3211 779 3294 recipiens
802 3210 932 3295 transit'

450 3352 563 3436 ltaque
591 3353 697 3417 omnia
724 3353 757 3414 in
781 3353 975 3434 antistropha
999 3353 1228 3436 expediuntur,
1256 3355 1318 3417 nisi
1342 3353 1426 3436 quod
1450 3353 1601 3418 ultimum
1625 3355 1706 3418 illud
1728 3355 1905 3420 membrum
1928 3354 2142 3439 logaoedicum

344 3460 382 3522 ad
409 3465 530 3543 partem
559 3460 705 3543 strophae
733 3465 907 3522 extremam
935 3479 1048 3542 parum
1077 3461 1233 3524 convenit.
1279 3462 1388 3543 Atque
1415 3461 1531 3524 horum
1560 3462 1762 3545 potissimum
1790 3481 1943 3527 versuum
1967 3462 2144 3526 diversitate

345 3565 502 3629 adductus
525 3563 662 3628 Weilius
691 3566 839 3648 strophae
866 3566 994 3629 initium
1021 3565 1184 3650 finemque
1212 3567 1369 3631 excidisse
1397 3567 1566 3632 contendit.
1616 3571 1661 3632 At
1688 3589 1764 3634 vero
1792 3590 1866 3633 cum
1893 3589 1950 3653 pro
1978 3567 2052 3650 ydor
2079 3569 2146 3632 eine

345 3670 441 3735 dubio
464 3670 507 3752 id,
534 3671 621 3756 qnod
642 3672 677 3734 in
700 3670 865 3735 nonnullis
889 3671 1051 3735 codicibus
1074 3674 1245 3754 invenitur,
1271 3669 1605 3754 ydau'restituendum
1630 3676 1683 3756 sit,
1711 3677 1815 3740 onmis
1838 3676 1916 3740 haec
1940 3675 2148 3761 discrepantia

344 3888 414 3945 κατ’
450 3878 543 3964 οὖρον
573 3889 605 3947 et
631 3890 673 3952 εἰς
699 3888 810 3962 ἀφανῆ
837 3883 993 3946 πάνδονόν
1020 3908 1050 3946 τε
1073 3890 1197 3966 χέρσον,
1229 3907 1324 3970 quem
1353 3905 1484 3951 versum
1511 3888 1544 3951 in
1572 3889 1636 3952 fine
1659 3889 1862 3973 stropharum
1885 3889 2149 3973 logaoedicarum,

345 3991 614 4072 dochmiacamm,
640 3991 848 4056 iambicarum
876 3995 1003 4078 saepius
1031 4013 1193 4058 occurrere
1220 3996 1285 4057 iam
1313 3993 1380 4056 dixi
1408 3995 1443 4057 in
1470 3992 1589 4058 observ.
1619 3994 1657 4058 de
1684 4014 1772 4059 num.
1801 3995 1925 4058 dochm.
1948 4014 1977 4077 p.
2004 3996 2030 4055 7.
2076 3993 2149 4058 Ηοο

345 4105 450 4162 autem
474 4097 542 4161 loco
565 4103 602 4160 ut
624 4097 720 4160 verba
743 4097 900 4160 πάνδοκον
917 4107 949 4163 et
966 4101 1077 4178 ἀφανῆ
1095 4101 1177 4164 inter
1196 4119 1230 4164 se
1248 4105 1514 4182 permutarentur,
1535 4099 1652 4164 idcirco
1671 4101 1790 4165 factum
1809 4119 1879 4165 esse
1898 4105 2147 4163 consentaneum

345 4211 402 4286 est,
419 4209 457 4269 ut
475 4203 597 4285 syllaba
613 4203 668 4266 illa
687 4203 782 4268 dubia
801 4207 834 4268 in
854 4204 991 4276 ἀνάλιον,
1010 4213 1052 4273 εἰς
1071 4207 1181 4283 ἀφανῆ
1199 4206 1371 4287 tolleretur,
1390 4224 1472 4288 quae
1490 4213 1617 4291 propter
1635 4209 1761 4272 numeri
1779 4207 1986 4270 mutationem
2005 4205 2148 4288 legitima

345 4317 407 4392 est,
440 4310 524 4394 quod
554 4311 638 4376 idem
662 4311 738 4375 alias
762 4330 891 4395 quoque
923 4311 1067 4375 librarios
1099 4313 1206 4376 eadem
1240 4311 1278 4392 de
1311 4332 1426 4377 caussa
1456 4312 1570 4378 fecisse
1602 4315 1702 4379 multa
1734 4313 1893 4377 declarant
1925 4311 2078 4397 exempla
2110 4312 2147 4374 cf.

345 4436 441 4499 supra
463 4436 492 4501 p.
518 4419 566 4480 13.

452 4559 556 4634 Quare
585 4580 658 4624 cunr
687 4562 782 4625 etiarn
809 4560 864 4624 illa
892 4558 999 4642 verba,
1031 4583 1050 4624 a
1085 4560 1203 4644 quibus
1232 4561 1360 4645 stropha
1386 4562 1510 4645 incipit:
1544 4559 1611 4622 τάδ’
1642 4559 1811 4634 αὐτόδηλα·
1839 4565 1992 4642 προῦπτος
2020 4563 2149 4642 άνγελου

344 4665 432 4746 λόγος
455 4685 529 4729 cum
552 4669 708 4751 proximis
732 4685 814 4750 quae
837 4666 1027 4730 antecedunt
1050 4660 1126 4741 ἦλθε
1149 4667 1177 4728 δ’
1203 4667 1323 4728 αλακτά
1347 4667 1466 4749 πήματ’
1492 4671 1529 4731 οὐ
1551 4667 1629 4748 λόγῳ
1652 4672 1715 4732 tam
1740 4674 1806 4732 arte
1834 4669 2000 4733 cohaerere
2017 4669 2148 4732 ridean-

344 4779 412 4854 tur,
439 4778 477 4836 ut
499 4771 608 4837 nullus
630 4773 762 4838 lacunae
785 4775 875 4838 locus
899 4775 952 4853 sit,
979 4793 1066 4838 nunc
1088 4780 1199 4856 restat,
1226 4781 1263 4838 ut
1291 4775 1328 4839 de
1357 4775 1461 4839 media
1483 4777 1611 4859 stropha
1633 4777 1743 4860 paucis
1767 4793 1908 4859 agamm
1953 4773 2036 4838 Nam
2061 4774 2148 4856 quod

345 4879 485 4943 himeter
510 4880 572 4942 558
602 4879 660 4939 τάν
682 4883 797 4962 ἀστιβῆ
821 4879 995 4950 Ἀπόλλωνι,
1023 4880 1082 4942 τάν
1109 4881 1239 4942 ἀνάλιον
1262 4889 1370 4946 contra
1392 4881 1517 4966 regulas
1540 4881 1735 4962 rhythmicas
1758 4883 1793 4944 in
1817 4882 1897 4944 duas
1918 4886 2022 4964 partes
2047 4879 2148 4944 disso-

346 4985 434 5050 lutus
458 4987 630 5065 invenitur,
653 4987 684 5050 id
708 4989 782 5052 inde
806 4988 988 5074 explicabis,
1011 4989 1097 5072 quod
1119 5007 1233 5052 versus
1257 4989 1437 5071 strophicns
1460 4990 1579 5053 inserto
1602 4987 1698 5051 verbo
1722 4986 1825 5068 δόμων
1848 4987 1899 5051 vel
1918 4985 2020 5047 πόνων
2039 5005 2148 5070 super-

345 5111 483 5158 vacaneo
506 5091 636 5156 modum
661 5094 759 5158 unius
777 5095 912 5160 membri
931 5096 1101 5176 rhythmici
1125 5102 1305 5160 excesserat
1327 5096 1514 5179 longiorque
1537 5101 1687 5175 evaserat,
1712 5113 1808 5177 quam
1831 5100 1869 5156 ut
1889 5114 1947 5177 pro
1966 5114 2032 5158 uno
2051 5112 2148 5159 versu
