4782 5920
919 430 1367 492 ,ᾕρει-.-

240 631 377 696 eundem
405 630 506 694 fuisse
533 647 706 692 numerum
734 645 896 711 negemus.
943 625 1004 690 sed
1031 626 1066 688 in
1093 627 1186 689 tertio
1211 625 1385 689 dictionum
1409 627 1487 710 pari,
1516 627 1602 710 quod
1625 631 1673 690 est
1696 626 1734 689 de
1757 625 1994 710 Parthenopaeo
2018 631 2049 689 et

239 738 431 822 Amphiarao
451 755 626 819 eorumque
646 734 844 814 adversariis,
866 751 918 798 res
940 751 1007 796 non
1030 751 1072 796 ex
1096 730 1245 795 omnibus
1268 731 1411 815 partibus
1434 733 1581 816 expedita
1604 737 1659 797 est.
1697 731 1779 796 Nam
1804 751 1878 795 cum
1901 731 1942 814 id,
1962 731 2049 814 quod

238 843 431 909 Ritsohelius
455 843 494 905 de
518 841 641 906 duabus
664 839 728 904 illis
752 838 1036 924 comparationibus
1061 839 1130 902 sive
1148 838 1303 921 exemplis
1322 859 1351 901 ν.
1374 840 1547 902 583-589
1566 844 1782 923 proposuerat,
1804 839 1926 903 nemini
1945 839 2049 903 adhuc

238 950 406 1035 probatum
440 950 490 1030 sit,
522 947 627 1011 denuo
659 947 738 1010 mihi
770 946 899 1010 videtur
929 947 964 1008 in
996 944 1129 1008 eandem
1162 963 1230 1008 rem
1261 945 1491 1028 inquirendum
1525 965 1604 1009 csse.
1652 943 1771 1010 Omnes
1805 964 1880 1009 vero
1912 945 2049 1010 editores

238 1057 397 1122 Kechium
414 1056 490 1118 satis
509 1054 709 1139 redarguisse
727 1053 920 1117 arbitrantur
938 1053 1128 1116 sententiam
1142 1049 1317 1133 Ritsohelii,
1337 1053 1394 1134 qui
1412 1053 1469 1116 uni
1489 1057 1613 1115 tantum
1633 1052 1671 1116 de
1689 1053 1740 1116 his
1759 1051 2048 1136 comparationibus

239 1163 349 1228 locum
372 1161 471 1225 fuisse
494 1169 611 1242 censet,
633 1166 730 1244 atque
753 1161 830 1224 adeo
853 1161 970 1242 reliqui
992 1158 1056 1222 fere
1080 1176 1190 1221 omnes
1213 1159 1248 1220 in
1267 1155 1379 1222 Kechii
1398 1177 1544 1222 caussam
1562 1158 1793 1242 perducuntur,
1816 1163 1853 1222 ut
1872 1158 2049 1222 certissima

241 1269 294 1332 illa
312 1267 475 1332 Ritsohelii
499 1273 685 1352 argumenta
708 1266 747 1330 ab
770 1286 807 1330 eo
830 1266 965 1330 refutata
988 1284 1058 1330 esse
1082 1266 1260 1349 opinentur.
1299 1261 1384 1340 Quid
1402 1266 1500 1348 igitur
1518 1263 1681 1329 Kechius?
1723 1265 1764 1328 In
1782 1265 1928 1349 epistula,
1952 1283 2049 1347 quam

242 1375 281 1438 sd
304 1373 511 1439 Ritsohelium
535 1375 569 1436 in
592 1372 786 1438 Eecheiseni
815 1372 917 1438 annal.
947 1374 997 1435 81.
1026 1372 1147 1453 (1860.)
1176 1371 1273 1454 dedit,
1302 1372 1379 1435 haec
1407 1371 1537 1454 protulit
1563 1373 1602 1455 (p.
1627 1373 1719 1456 827);
1753 1371 1877 1453 „Wenn
1900 1371 1952 1436 Sic
1975 1370 2050 1436 Sich

241 1481 312 1544 eine
335 1479 437 1560 Stadt,
463 1481 534 1544 eine
557 1478 646 1564 Brug
673 1479 859 1560 vorstellen,
886 1479 937 1543 die
963 1498 1038 1542 vom
1062 1476 1351 1562 Belagerungsnetz
1379 1477 1635 1562 eingeschlcssen
1664 1480 1705 1542 ist
1733 1478 1799 1542 und
1828 1478 1909 1542 iiber
1931 1478 2049 1542 welche

242 1587 326 1650 daun
351 1586 400 1651 die
424 1585 649 1670 Gottesgeissel
674 1587 728 1652 der
751 1587 968 1670 Erstiirmung
990 1585 1113 1648 hommt
1136 1623 1178 1630 -
1203 1584 1259 1648 das
1282 1584 1443 1649 Gemetzel
1465 1583 1605 1669 beginnt,
1635 1585 1690 1648 der
1713 1583 1866 1648 Gerechte
1889 1585 1969 1648 wird
1991 1585 2051 1648 mit

243 1693 303 1758 den
326 1693 548 1778 Ungerechten
572 1699 711 1778 erwiirgt
733 1695 810 1758 oder
831 1692 1052 1778 geschlachtet,
1080 1693 1132 1755 ein
1155 1691 1334 1755 Entrinnen
1359 1691 1511 1775 nirgends
1536 1690 1680 1775 mdglich,
1705 1691 1754 1755 die
1776 1690 1877 1755 There
1901 1691 1973 1756 sind
1997 1690 2051 1755 be-

241 1805 329 1882 setzt,
352 1801 414 1864 den
437 1798 603 1864 einzelnen
628 1798 735 1864 Gutcn
757 1821 821 1864 von
846 1800 907 1864 den
930 1800 1051 1862 andern
1073 1817 1115 1861 zu
1139 1797 1384 1861 unterscheiden
1407 1799 1450 1861 ist
1471 1797 1559 1862 nicht
1582 1796 1732 1877 denhbar,
1755 1798 1840 1861 denn
1864 1797 1919 1862 der
1940 1797 2050 1882 Sieger

239 1911 304 1970 rast
327 1928 383 1969 —:
409 1908 478 1987 wie,
501 1907 544 1970 ist
567 1905 623 1970 das
646 1907 735 1969 nicht
757 1908 809 1970 ein
833 1906 951 1971 ebenso
975 1905 1172 1988 plastisches,
1195 1903 1304 1968 scharf
1322 1903 1517 1988 begritnztes,
1540 1923 1603 1968 nur
1625 1904 1688 1968 viel
1710 1905 1954 1988 grossartigeres
1978 1904 2050 1968 Bild

239 2013 286 2076 als
320 2013 375 2077 das
407 2033 481 2076 vom
514 2012 703 2098 Untergang
734 2015 822 2096 eines
854 2011 1026 2077 Sohiffesr‘
1081 2010 1196 2076 Nonne
1229 2015 1356 2094 apparet
1392 2011 1475 2074 hanc
1506 2029 1689 2095 expressam
1723 2011 1813 2075 urbis
1850 2019 2051 2096 expugnatae

239 2120 410 2204 imaginem
439 2119 602 2200 Aeschylo
631 2121 772 2184 maxime
799 2120 928 2205 dignam
956 2119 1047 2183 esse?
1093 2117 1156 2182 Sed
1184 2116 1342 2182 Kechium
1375 2119 1410 2181 in
1440 2117 1500 2182 hac
1531 2119 1764 2202 comparatione
1795 2117 1963 2203 magnifice
1995 2138 2051 2183 ex·

240 2225 382 2289 ornanda
404 2231 528 2308 poetam
552 2228 654 2310 magis
678 2246 711 2292 se
734 2227 931 2311 praeclarum
950 2226 1145 2310 praestitisse
1165 2245 1262 2310 quarn
1286 2225 1425 2290 iudicem
1445 2244 1595 2290 severum
1612 2225 1704 2290 facile
1721 2227 1931 2310 perspexeris,
1954 2226 2050 2290 modo

241 2349 296 2394 eos
321 2332 377 2414 qui
400 2331 493 2396 nobis
517 2333 687 2398 traduntur
708 2353 822 2398 versus
846 2332 989 2398 conseras
1013 2352 1087 2396 curn
1110 2331 1169 2395 hac
1192 2330 1354 2396 Kechiana
1376 2331 1517 2396 fictione:

772 2441 792 2516 ἢ
815 2439 875 2524 γάρ
898 2438 1058 2522 συνειςβάς
1081 2441 1188 2500 πλοῖον
1210 2438 1337 2522 εὐσεβής
1360 2437 1441 2520 ἀνήρ

776 2546 907 2635 ναύτιγσι
931 2549 1060 2629 θερμοῖς
1083 2545 1138 2606 καὶ
1162 2547 1335 2628 πανουργίᾳ
1359 2543 1432 2616 τινὶ,

756 2652 905 2715 ’ὄλωλεν
927 2652 1071 2736 ἀνδρῶν
1093 2651 1160 2716 σύν
1182 2651 1401 2728 θεοπτύστῳ
1423 2654 1532 2733 γένει,

773 2760 793 2836 ἢ
817 2759 879 2834 ξύν
902 2762 1070 2827 πολίταις
1094 2758 1278 2840 ἀνδράσιν
1299 2758 1446 2827 δίκαιος
1468 2757 1518 2819 ὣν

774 2868 1008 2950 ἐχθροξένοις
1030 2889 1065 2928 τε
1089 2865 1154 2927 καὶ
1177 2869 1274 2927 θεῶν
1296 2864 1517 2947 ἀμνήμοσιν

653 3027 654 3030 ,
772 2976 889 3035 ταύτοῦ
911 2973 1051 3056 κυρήσας
1073 2972 1194 3041 ἐνδίκως
1212 2970 1406 3054 ἀγρεύματος

773 3080 893 3162 πληγείς
916 3085 994 3142 θεοῦ
1015 3079 1146 3163 μάστιγι
1169 3081 1327 3162 παγκοίνῳ
1348 3077 1453 3159 δάμη.

345 3184 472 3269 Ecquid
490 3187 717 3252 animadvertis
735 3188 774 3252 de
792 3187 872 3252 urbe
896 3194 952 3252 aut
974 3188 1067 3252 arce?
1103 3187 1229 3272 Ecquid
1253 3187 1291 3251 de
1314 3186 1478 3250 obsidione
1501 3191 1558 3250 aut
1575 3186 1833 3270 expugnatione?
1870 3184 1996 3269 Ecquid
2015 3187 2054 3251 de

240 3291 345 3372 caede,
362 3293 569 3377 iugulatione,
588 3295 818 3360 trucidatione?
846 3293 972 3379 Ecquid
992 3295 1032 3359 de
1049 3300 1211 3379 portarum
1231 3296 1438 3378 occupatione
1456 3298 1512 3358 aut
1524 3293 1682 3356 victorum
1700 3291 1827 3356 furore?
1856 3291 1961 3356 Immo
1977 3311 2053 3358 aero

240 3396 342 3458 multa
363 3398 397 3460 in
420 3399 471 3463 his
493 3402 598 3466 inesse
616 3403 725 3465 minus
745 3402 905 3486 eleganter
922 3403 1096 3484 minusque
1119 3402 1273 3466 concinne
1297 3401 1380 3465 dicta
1401 3401 1501 3484 vides,
1525 3418 1607 3484 quae
1629 3398 1824 3464 Ritsohelius
1848 3417 1907 3462 suo
1926 3400 1996 3463 iure
2015 3398 2053 3462 ob

241 3501 401 3583 Aeschylo
416 3503 618 3589 abiudicavit,
635 3515 672 3571 ut
685 3507 739 3581 ξῦν
753 3506 937 3590 ἀνδράσιν..
957 3506 1075 3576 δίκαιος
1093 3506 1145 3580 ὤν,
1164 3509 1308 3593 repetitio
1323 3527 1406 3593 quac
1424 3509 1525 3573 estin
1544 3504 1634 3588 ἀνήρ,
1654 3505 1784 3586 ἀνδρῶν,
1804 3503 1965 3586 ἀνδράσιν,
1984 3505 2053 3572 alia

241 3605 365 3673 Deinde
388 3616 513 3676 tantum
536 3613 634 3696 abest,
661 3621 699 3678 ut
725 3615 860 3680 alterurn
888 3615 947 3678 hoc
971 3614 1009 3678 de
1037 3616 1163 3679 civitate
1191 3615 1376 3700 exemplum
1404 3615 1445 3679 ad
1467 3633 1535 3679 rem
1557 3619 1757 3699 praesentem
1780 3612 2054 3676 accommodatum

242 3731 312 3778 esse
335 3734 489 3800 censeam,
513 3725 549 3784 ut
572 3721 805 3786 alienissimum
829 3721 867 3786 ab
886 3723 946 3786 hac
963 3721 1102 3786 Thebani
1122 3722 1212 3786 ducis
1232 3723 1373 3786 oratione
1392 3741 1461 3786 esse
1481 3720 1677 3784 contendam.
1714 3719 1798 3784 Nam
1817 3721 1846 3783 si
1865 3721 1939 3804 quis
1956 3718 2055 3783 verba

241 3821 357 3888 faceret
371 3843 411 3888 cx
426 3826 564 3892 hostium
580 3831 834 3914 oppugnantium
849 3829 993 3894 exercitu
1008 3847 1044 3892 ao
1058 3848 1125 3892 non
1138 3847 1196 3893 rex
1215 3829 1283 3911 ipse
1302 3827 1391 3892 urbis
1411 3847 1538 3893 summa
1556 3829 1589 3890 vi
1608 3832 1807 3910 oppugnatae
1825 3846 1862 3891 ac
1879 3845 1979 3911 paene
1999 3844 2054 3890 ex·

240 3938 410 4014 pugnatae,
428 3933 460 3996 id
479 3935 586 4018 ipsum
605 3937 789 4020 exemplum
809 3937 1010 4020 aptissimum
1030 3943 1122 4017 essct,
1146 3955 1211 4019 quo
1233 3935 1287 3999 ille
1309 3955 1397 3999 unus
1419 3936 1502 3999 inter
1525 3952 1636 3998 omnes
1659 3935 1858 3998 iustissimus
1881 3934 1916 3996 in
1939 3931 2054 4016 oppido

242 4040 457 4122 expugnando
473 4042 772 4125 exstinguendoque
787 4042 885 4108 simul
904 4063 979 4107 curn
999 4043 1111 4108 ceteris
1130 4042 1253 4107 civibus
1273 4044 1384 4126 eisque
1402 4042 1623 4106 iniustissimis
1643 4039 1779 4105 interfici
1799 4041 1921 4104 dicitur.
1958 4037 2055 4102 Nunc

242 4151 348 4208 autem
377 4165 452 4211 curn
475 4146 645 4212 Thebanus
671 4167 729 4213 rex
758 4149 795 4214 de
818 4151 1013 4234 Amphiarao
1038 4155 1124 4234 agat,
1153 4151 1209 4234 qui
1237 4155 1285 4214 est
1313 4169 1401 4214 unus
1425 4167 1466 4214 ex
1490 4153 1747 4233 oppugnatorum
1771 4166 1921 4212 numero:
1946 4163 2054 4210 nonne

241 4250 398 4336 intellegis
423 4274 520 4336 quam
545 4255 587 4318 sit
608 4256 753 4339 ineptum
777 4255 863 4320 illam
887 4259 1063 4341 expugnati
1086 4257 1193 4342 oppidi
1216 4258 1483 4341 comparationem
1507 4256 1569 4340 ipsi
1592 4255 1825 4340 oppidanorum
1848 4254 1916 4338 regi
1935 4251 2053 4316 tribui?

243 4355 348 4432 Quare
377 4362 528 4442 quoniam
555 4360 722 4427 Ritsohelii
750 4365 904 4427 rationem
933 4385 997 4428 non
1022 4364 1125 4428 solum
1149 4362 1188 4426 ab
1211 4361 1348 4444 Kechic,
1376 4363 1431 4427 sed
1455 4381 1495 4426 ne
1519 4361 1557 4426 ab
1580 4362 1641 4426 alio
1666 4361 1797 4445 quidem
1819 4359 1949 4424 refutari
1975 4377 2054 4442 quo·

242 4484 339 4547 quam
357 4485 454 4549 posse
472 4467 623 4550 vidimus,
642 4471 738 4533 etiam
756 4468 834 4532 illud
853 4472 942 4554 parvi
960 4469 1064 4552 refert,
1088 4469 1174 4554 quod
1193 4467 1436 4534 Heimsoethius
1455 4475 1564 4532 contra
1583 4469 1688 4532 dicere
1707 4474 1841 4531 conatus
1861 4471 1918 4546 est,
1941 4482 2054 4529 versus

241 4571 313 4636 illos
337 4565 357 4647 ή
379 4573 440 4656 γὰρ
463 4574 628 4658 συνεισβάς
652 4578 758 4638 πλοῖον
779 4574 907 4658 εὐσεβής
930 4575 1011 4656 ἀνήρ
1035 4575 1167 4663 ναύτῃσι
1189 4577 1318 4656 θερμοῖς
1345 4595 1410 4640 non
1440 4581 1510 4660 apte
1534 4574 1701 4638 cohaerere
1729 4593 1805 4637 cum
1828 4571 1957 4636 duobus
1980 4570 2053 4634 ulti·

242 4681 303 4743 mis
326 4679 447 4762 πληγεές
470 4684 547 4743 θεοῦ
568 4683 698 4764 μάστιγι
722 4685 879 4764 παγκοίνῳ
900 4681 1007 4763 δάμη,
1030 4683 1147 4745 ταύτοῦ
1168 4681 1307 4766 κυρήσας
1330 4681 1458 4750 ἐνδίκοις
1482 4679 1683 4762 ἀγρεύματος.
1728 4678 1811 4743 Nam
1835 4685 1867 4743 et
1889 4679 2054 4762 participia

243 4783 295 4848 'illa
317 4787 481 4871 συνεισβάς
506 4791 624 4862 πλοῖον,
653 4792 769 4851 ταύτοῦ
796 4789 935 4872 κυρήσας
963 4790 1171 4872 ἀγρεύματος,
1200 4788 1320 4870 πληγείς
1347 4793 1426 4850 θεοῦ
1453 4787 1583 4869 μάστιγι
1610 4788 1652 4851 ad
1675 4787 1844 4851 dictionem
1867 4785 1966 4849 huius
1988 4784 2054 4867 epi·

245 4891 325 4956 sodii
355 4915 455 4979 paene
487 4898 608 4981 epicam
637 4897 777 4962 maxime
805 4899 1010 4980 conveniunt,
1038 4898 1074 4962 cf.
1103 4897 1191 4962 Hom
1219 4897 1257 4968 Γ,
1281 4895 1323 4959 46
1352 4887 1373 4970 ἦ
1400 4892 1513 4963 τοιόςδε
1541 4893 1600 4956 ἐὼν
1622 4900 1654 4956 ἐν
1677 4891 1894 4975 ποντοπόροισι
1917 4889 2050 4978 νέεσσινή

244 4997 355 5060 πόντον
386 5002 582 5075 ἐπιπλεύσας,
615 5002 741 5086 ἐτάρους
774 5005 897 5088 ἐρίηρας
929 5006 1069 5085 ἀγείρας,
1090 5005 1095 5089 1
1113 5003 1240 5088 μιχθείς
1273 5001 1473 5065 ἀλλοδαποῖσι
1505 5003 1627 5082 γυναῖκ’
1659 4999 1761 5064 εὐειδέ’
1793 5003 1916 5080 ἀνῆγες,
1948 5017 2054 5082 neque

242 5107 320 5166 θεοῦ
350 5109 479 5192 μάστιγι
510 5112 688 5176 necessario
712 5111 751 5176 ad
780 5117 903 5196 captam
935 5111 1047 5176 urbem
1082 5117 1239 5196 spectare,
1271 5109 1325 5176 sed
1358 5112 1441 5174 sicut
1474 5109 1512 5174 de
1543 5108 1614 5174 aliis
1647 5108 1714 5172 deis
1744 5107 1916 5189 deabusve,
1943 5108 1987 5170 ita
2015 5106 2053 5170 de

1820 5211 1837 5264 4
