4782 5920
1230 331 1270 392 aa

345 533 392 592 tot
414 547 569 592 versuum
594 527 780 611 compositio
803 527 844 591 ab
867 528 922 607 eis,
946 527 1002 611 qui
1026 525 1124 590 semel
1146 529 1271 588 tanturn
1295 525 1372 588 haec
1394 525 1574 606 audiebant,
1597 527 1829 610 perspiceretur
1852 533 1883 591 et
1901 536 2155 612 cognosceretur,

342 635 376 698 id
399 633 485 718 quod
507 633 576 697 fieri
598 653 663 697 non
686 653 780 716 posse
803 639 941 718 apparet,
962 634 1025 696 nisi
1049 630 1188 696 adhibita
1210 633 1352 696 musicae
1375 632 1602 696 modulationis
1625 634 1783 696 uarietate.

451 741 479 804 3.
509 739 571 804 Sed
604 745 774 823 antequam
808 741 890 804 hanc
925 759 993 804 rem
1026 738 1229 822 aliquomodo
1261 737 1425 802 absolvam
1457 738 1638 822 studemus,
1670 759 1772 824 pauca
1799 741 1877 804 mihi
1905 741 2055 806 ridentur
2083 762 2153 807 esse

344 848 383 911 de
405 867 443 912 ea
465 848 586 910 ratione
610 845 752 928 dicenda,
776 866 840 930 que
862 847 1000 912 Weihus
1022 846 1114 910 nisus
1133 865 1199 908 non
1217 844 1309 909 binas
1328 844 1431 908 solum
1451 845 1612 928 dictiones,
1635 865 1749 911 verum
1768 847 1844 910 bine
1862 849 1956 912 etiam
1977 849 2153 914 dictionum

343 955 430 1038 paria
453 974 471 1017 a
493 957 585 1037 potita
606 954 651 1016 ite
674 961 852 1037 exaequata
874 973 945 1018 esse
969 953 1069 1032 duxit,
1092 959 1130 1015 ut
1152 953 1292 1035 primum
1311 971 1368 1036 par
1386 971 1461 1015 cum
1481 959 1606 1035 quarto,
1628 953 1763 1018 alterum
1782 972 1856 1019 cum
1876 957 1979 1037 tertie,
2002 957 2152 1038 quintum

345 1080 419 1126 cum
449 1065 539 1124 sexto
567 1077 722 1124 versuum
751 1079 886 1125 nurnero
909 1064 1107 1144 congrueret,
1136 1060 1309 1142 septimum
1332 1064 1437 1122 autern
1466 1077 1652 1123 sermonum
1679 1080 1736 1144 par
1763 1079 1828 1124 non
1855 1069 2017 1128 teneretur
2044 1063 2151 1127 eadem

345 1168 403 1230 hac
430 1167 510 1250 lege.
560 1165 674 1250 Neque
705 1168 791 1232 enim
824 1167 952 1250 stropha
981 1172 1038 1229 aut
1065 1165 1260 1248 antistropha
1287 1164 1389 1244 chori,
1421 1165 1476 1228 sed
1504 1166 1675 1249 coryphaei
1703 1169 1855 1232 trimetris
1883 1169 1962 1233 haec
1990 1171 2094 1255 excipi
2123 1177 2154 1234 et

347 1279 595 1338 consentaneum
624 1291 694 1337 esse
722 1273 915 1357 singularem
944 1272 1049 1336 locum
1079 1269 1221 1334 obtinere
1244 1289 1296 1333 eas
1321 1271 1490 1352 dictiones,
1518 1272 1636 1354 quihus
1663 1274 1725 1356 ipsi
1747 1273 1859 1338 fratres
1883 1276 1988 1340 infesti
2012 1279 2096 1340 inter
2118 1296 2153 1340 se

343 1385 619 1464 componerentur.
663 1380 715 1444 Ad
745 1380 826 1443 hanc
853 1381 953 1462 igitur
979 1379 1171 1442 sententiam
1199 1376 1448 1440 confirmandam
1472 1378 1523 1441 vir
1545 1377 1659 1442 doctus
1683 1379 1763 1444 duas
1787 1381 1893 1444 attulit
1915 1401 2059 1448 caussas:
2084 1403 2154 1447 ver·

343 1507 440 1551 suum
468 1487 614 1552 finalium
643 1486 870 1550 similitudines
899 1491 930 1549 et
958 1485 1046 1548 chori
1071 1484 1217 1566 strophas
1241 1484 1377 1567 singulis
1400 1503 1465 1548 nce
1488 1483 1707 1566 sermonibus,
1736 1486 1792 1550 sed
1815 1505 1999 1551 sermonum
2023 1488 2154 1572 paribus

342 1595 509 1678 appositas.
557 1591 699 1668 Quarum
724 1612 789 1656 una
812 1593 945 1656 minoris
967 1591 1098 1655 uidetur
1120 1609 1190 1654 esse
1213 1592 1374 1653 momenti.
1411 1591 1493 1654 Nam
1518 1597 1555 1654 ut
1578 1592 1617 1656 de
1640 1593 1686 1656 eis
1710 1592 1856 1657 versibus
1879 1599 2011 1676 taceam,
2035 1595 2154 1678 quibus

349 1701 521 1764 sententias
547 1701 631 1764 inter
658 1719 692 1763 se
724 1705 937 1782 congruentes
969 1698 1124 1760 contineri
1151 1696 1262 1776 voluit,
1294 1695 1331 1760 cf.
1360 1697 1398 1760 ad
1426 1717 1456 1760 1.
1486 1698 1560 1774 346,
1590 1704 1812 1784 proponuntur
1844 1700 1974 1763 secundi
2006 1703 2154 1784 tertiique

344 1807 427 1888 paris
451 1806 614 1870 clausulae
641 1807 705 1869 432
734 1807 794 1886 λέγ’
831 1803 924 1865 ἄλλον
955 1801 1062 1871 ἄλλαις
1094 1810 1127 1864 ἐν
1159 1802 1268 1870 πύλαις
1300 1801 1443 1882 εἰληχότα
1467 1809 1499 1867 et
1526 1805 1589 1868 461
1615 1806 1751 1886 κόμπαζ’
1787 1808 1833 1866 ἐπ’
1866 1805 1960 1882 ἄλλῳ,
1987 1806 2069 1888 μηδέ
2097 1831 2153 1889 μοι

344 1910 458 1988 φθόνει
489 1916 582 1992 λέγων
613 1932 679 1976 non
711 1913 756 1976 ita
786 1911 878 1975 valde
912 1911 1040 1992 similes,
1072 1916 1104 1974 at
1135 1929 1211 1974 vero
1241 1910 1419 1973 simillimae
1447 1912 1553 1994 quinti
1581 1915 1730 1998 sextique
1758 1914 1843 1997 paris
1871 1913 1944 1977 hae:
1971 1915 2152 1978 543=606

343 2020 427 2079 θεῶν
449 2017 604 2080 θελόντων
626 2017 689 2078 τόδ’
716 2018 757 2078 ἄν
780 2017 992 2099 ἀληθεύσαιμ’
1019 2017 1231 2085 ἐ’ποςεθεοῦ
1254 2015 1283 2076 δὲ
1313 2015 1407 2098 δῶρόν
1429 2021 1512 2078 ἐστιν
1538 2021 1676 2099 εὐτυχεῖν
1697 2017 1834 2102 βροτούς.
1881 2019 1996 2084 Contra
2019 2020 2152 2085 alterum

347 2131 572 2207 argumentum
605 2125 780 2190 Weihsnae
817 2144 1002 2190 sermonum
1040 2125 1259 2208 dispositionis
1297 2123 1472 2206 plurimum
1512 2125 1617 2190 valere
1654 2126 1893 2191 concedendurn
1931 2129 1996 2192 erit.
2056 2127 2154 2210 Apud

346 2231 542 2312 Aeschylum
577 2232 706 2314 quidem
736 2233 883 2316 quotiens
912 2232 1011 2314 lyrica
1039 2250 1114 2295 cum
1141 2229 1286 2294 iambicis
1317 2229 1483 2312 alternant,
1515 2234 1610 2296 etiam
1642 2234 1720 2298 haec
1747 2235 1813 2316 pari
1847 2253 1973 2317 semper
2000 2252 2154 2298 versuum

346 2357 480 2402 numero
504 2339 831 2422 comprehenduntur,
854 2339 953 2422 idque
976 2357 1041 2401 non
1064 2339 1168 2402 solum
1193 2339 1227 2400 in
1252 2355 1306 2402 eos
1330 2337 1413 2401 cadit
1435 2337 1536 2419 locos,
1565 2338 1620 2403 ubi
1650 2340 1787 2423 strophis
1813 2341 1935 2405 melicis
1964 2342 2057 2424 pauci
2086 2345 2155 2404 ten·

345 2445 511 2508 tummodc
540 2445 685 2526 trimetri,
712 2445 788 2527 bini,
815 2447 907 2528 terni,
935 2447 1089 2529 quaterni,
1118 2445 1209 2528 quini
1232 2444 1440 2528 apphcantur,
1468 2451 1505 2508 ut
1522 2444 1608 2510 Pers.
1630 2447 1694 2509 255
1704 2465 1763 2530 sq,
1788 2447 1849 2531 Ag.
1871 2447 1955 2511 1072
1966 2467 2022 2531 sq,
2044 2447 2153 2530 Suppl.

349 2551 411 2615 866
423 2571 480 2635 sq,
498 2551 582 2636 Sept.
605 2552 664 2614 181
677 2571 734 2636 sq,
758 2552 822 2615 664
832 2571 890 2637 sq,
913 2551 1022 2636 Suppl.
1044 2552 1106 2615 732
1117 2571 1173 2635 sq,
1196 2550 1302 2615 Prom.
1324 2552 1387 2612 574
1398 2570 1454 2634 sq,
1477 2549 1585 2635 Suppl.
1607 2553 1669 2615 347
1681 2573 1739 2638 sq,
1761 2575 1875 2620 verum
1899 2555 1993 2618 etiam
2016 2554 2051 2616 in
2073 2553 2155 2632 illos,

344 2658 399 2722 ubi
422 2660 655 2723 minutissimae
680 2659 863 2743 strophulac
881 2660 999 2722 maiore
1018 2659 1214 2722 senariorum
1234 2677 1368 2722 numero
1387 2658 1601 2740 excipiuntur,
1624 2665 1662 2722 ut
1679 2660 1739 2744 Ag.
1761 2661 1845 2724 1407
1857 2681 1902 2746 sq.
1922 2662 1961 2725 ad
1981 2661 2152 2744 quinorum

345 2783 499 2829 versuum
520 2765 663 2849 strophas
686 2764 736 2829 bis
760 2769 907 2850 quaterni
931 2767 1004 2830 deni
1027 2765 1182 2829 accedunt
1200 2766 1342 2841 trimetri,
1366 2764 1402 2828 cl.
1423 2763 1459 2826 G.
1478 2762 1686 2830 Hermannus
1709 2766 1746 2829 ad
1766 2768 1826 2850 Ag.
1849 2768 1943 2849 1400,
1967 2773 1998 2830 et
2017 2765 2152 2849 Chodph.
2219 2851 2221 2856 Ι

347 2870 429 2934 1007
442 2891 500 2956 sq,
522 2871 577 2936 ubi
600 2878 674 2955 post
697 2877 804 2936 ternos
826 2891 943 2937 versus
966 2871 1097 2936 melicos
1121 2871 1218 2935 habes
1241 2872 1401 2934 trimetros
1424 2869 1474 2934 bis
1497 2876 1634 2935 octonos.

449 2976 598 3062 Denique
621 2979 756 3043 Idumen.
782 2979 966 3060 778-915,
991 2979 1075 3063 quod
1100 2997 1229 3042 carmen
1251 2978 1291 3042 ad
1314 2978 1374 3041 hoc
1397 2977 1584 3060 episodium,
1607 2978 1646 3042 de
1670 2996 1733 3063 quc
1757 2978 1869 3060 agitur,
1892 2976 2151 3058 quamproxime

344 3084 476 3162 accedit,
503 3085 611 3168 paullo
641 3085 774 3149 uberius
802 3103 961 3169 exponere
984 3085 1070 3149 haud
1094 3084 1149 3149 abs
1171 3104 1206 3149 re
1228 3085 1296 3149 iore
1319 3084 1466 3165 arbitror,
1496 3086 1681 3168 praesertim
1704 3103 1778 3148 cum
1801 3082 1902 3146 mrdto
1926 3081 2149 3163 simpliciorem

346 3191 508 3256 invenisse
535 3192 615 3256 mihi
643 3191 753 3256 videar
780 3192 897 3256 horum
926 3197 1055 3255 centum
1088 3197 1119 3256 ot
1151 3191 1383 3276 quinquaginta
1412 3209 1566 3256 versuum
1599 3193 1682 3255 inter
1709 3209 1743 3255 se
1769 3189 2021 3272 responsionem,
2054 3205 2150 3270 quarn

344 3316 427 3380 quae
451 3297 554 3362 adhuc
577 3298 615 3362 ab
639 3298 814 3363 editoribus
837 3297 1008 3382 putabatur
1034 3317 1112 3363 esse.
1149 3297 1263 3381 Neque
1286 3299 1371 3362 enirn
1392 3298 1571 3381 complures
1589 3304 1793 3381 haneponere
1811 3314 1924 3359 versus
1943 3313 2024 3378 opus
2044 3298 2101 3378 est,
2118 3291 2150 3356 id

345 3404 432 3487 quod
442 3404 579 3469 Weihus
593 3407 734 3487 tentavit,
747 3424 808 3469 nec
822 3424 922 3468 novos
936 3406 1074 3470 inserere
1085 3405 1135 3468 rel
1145 3423 1310 3469 removere
1320 3405 1508 3489 quidquam,
1518 3405 1573 3468 sed
1582 3403 1714 3468 alterum
1727 3404 1927 3488 stropharum
1936 3406 1968 3464 et
1978 3400 2152 3464 dictionum

343 3531 400 3594 par
423 3515 505 3595 (post
527 3514 580 3592 ἐμὲ
604 3514 721 3572 παθεῖν
744 3509 825 3590 τάδε)
854 3512 986 3596 plenum
1010 3519 1107 3596 atque
1129 3512 1303 3596 perdoctum
1327 3513 1400 3595 erit,
1423 3511 1518 3576 modo
1541 3531 1639 3576 unam
1663 3513 1749 3576 illam
1772 3511 1935 3590 lacunam,
1963 3527 2061 3591 quam
2083 3512 2155 3591 post

345 3621 408 3682 842
433 3619 480 3683 ed.
503 3617 613 3684 Herm.
638 3621 714 3698 (855
738 3618 786 3682 ed.
810 3616 916 3699 Dind.)
941 3638 978 3683 eo
1002 3619 1171 3682 indicatam
1196 3638 1267 3684 esse
1289 3619 1506 3700 Hermannus,
1532 3617 1730 3702 Dindorfius,
1759 3617 1813 3682 alii
1840 3623 1925 3681 recte
1948 3619 2155 3694 censuerunt,

346 3727 433 3810 quod
463 3726 502 3790 ad
530 3723 664 3788 verbum
692 3723 786 3798 τεύξει
814 3725 972 3790 obiectum
1005 3728 1180 3810 requiritur
1205 3747 1311 3812 neque
1339 3727 1420 3792 illud
1441 3725 1633 3790 femininum
1662 3724 1741 3800 ὅσην
1761 3725 1899 3807 proximi
1922 3740 2036 3788 versus
2064 3722 2155 3784 initio

345 3833 522 3917 quidquam
552 3831 646 3896 habet
673 3833 711 3896 ad
736 3833 823 3917 quod
844 3833 1012 3914 referatur,
1039 3855 1105 3898 non
1129 3835 1227 3898 unius
1251 3842 1389 3913 tantum,
1413 3833 1466 3896 sed
1491 3830 1641 3894 sedecim
1664 3851 1819 3894 versuum
1844 3831 1943 3913 spatio
1967 3828 2155 3892 determine-

344 3960 429 4022 mus,
453 3941 509 4023 qui
528 3939 566 4002 ad
586 3939 761 4003 877-889
781 3939 828 4004 ed.
849 3938 958 4004 Herm.
978 3940 1164 4022 (899-902
1193 3941 1239 4004 ed.
1258 3938 1367 4024 Dind.)
1389 3936 1611 4021 respondeant,
1633 3936 1671 4000 de
1696 3936 1815 4019 quibus
1838 3936 1902 4000 duo
1926 3933 2020 4017 primi
2038 3929 2154 3992 lliner-

344 4066 402 4111 vae
421 4047 561 4129 fuerunt,
583 4045 699 4129 reliqui
718 4046 801 4110 inter
819 4047 952 4111 chorum
976 4052 1008 4110 et
1025 4045 1200 4110 Minervam
1222 4045 1400 4109 secundum
1423 4044 1524 4128 legem
1549 4043 1793 4123 stichomythiae
1814 4059 1895 4124 quae
1914 4038 2032 4100 dicitur
2050 4036 2153 4100 divisi.

345 4154 442 4219 Prius
466 4154 579 4219 deinde
602 4172 659 4238 par
682 4154 909 4234 trimetrorum,
932 4151 1050 4237 quibus
1074 4151 1220 4235 strophae
1238 4149 1275 4210 td
1294 4150 1364 4211 θεοὶ
1389 4149 1525 4229 νεώτεροι
1543 4169 1572 4210 v.
1594 4150 1657 4212 770
1676 4155 1709 4213 et
1729 4150 1790 4213 797
1811 4145 2027 4227 excipiuntur,
2049 4161 2154 4226 neque

345 4259 384 4324 ab
406 4260 593 4325 Hermanno
611 4266 669 4325 aut
686 4258 852 4324 Dindortio
871 4259 1066 4342 emendatur,
1090 4277 1229 4343 quorum
1248 4262 1384 4340 uterque
1406 4275 1462 4340 pro
1481 4255 1632 4339 languido
1656 4255 1936 4337 interpretamento
1960 4268 2065 4312 unum
2084 4269 2154 4314 ver-

344 4387 419 4431 sum
442 4387 459 4432 e
483 4368 587 4432 medio
616 4368 725 4432 tohere
754 4365 878 4430 studuit
906 4366 974 4429 sine
1003 4365 1070 4429 ulla
1097 4385 1219 4445 caussa,
1250 4363 1302 4427 hic
1327 4364 1389 4426 787
1414 4363 1462 4426 ed.
1485 4361 1594 4425 Herm.
1619 4360 1696 4439 (800
1721 4359 1769 4422 ed.
1792 4355 1907 4436 Dind),
1929 4355 1982 4420 ille
2008 4356 2071 4419 790
2096 4353 2154 4437 (μὴ

344 4476 522 4553 θυμοῦσθε,
544 4473 618 4554 μηδ’
646 4474 809 4556 ἀκαρπίαν
832 4470 972 4552 τεύξητ’),
1001 4490 1107 4555 neque
1130 4470 1169 4536 ab
1188 4467 1315 4552 Weilio,
1338 4471 1394 4554 qui
1412 4475 1484 4552 post
1502 4469 1567 4530 825
1591 4485 1721 4529 versum
1741 4463 1937 4528 intercidisse
1957 4461 2154 4544 opinabatur,

344 4581 401 4645 sed
423 4580 454 4642 id
480 4581 565 4664 quod
587 4582 690 4646 multo
714 4585 763 4645 est
786 4577 962 4662 simplicius
987 4577 1139 4662 quodque
1162 4585 1193 4642 ct
1216 4578 1399 4641 antithetica
1416 4577 1495 4640 ratio
1518 4579 1549 4638 et
1572 4571 1741 4636 verborum
1766 4571 1928 4656 aptissima
1951 4569 2095 4652 repetitio
2123 4575 2155 4632 et

345 4689 414 4771 ipsa
442 4689 598 4750 sententia
627 4709 723 4771 quam
747 4687 888 4751 maxime
917 4685 1043 4766 suadet,
1070 4703 1136 4748 non
1165 4684 1268 4748 solum
1297 4703 1326 4746 1.
1358 4683 1542 4746 778-793
1569 4678 1606 4739 ta
1634 4676 1756 4742 θεοὶ...
1785 4677 2005 4758 ἀτιμοπενθεῖς
2032 4681 2155 4758 repetas

345 4794 451 4875 velim,
478 4811 591 4856 verum
620 4797 714 4858 etiam
743 4813 817 4858 eum
847 4793 903 4876 qui
929 4793 1075 4876 proxime
1102 4791 1250 4875 sequitur
1278 4791 1340 4853 794
1369 4788 1438 4870 ἐμοὶ
1466 4791 1600 4850 πίθεσθε
1627 4783 1674 4868 μὴ
1696 4782 2037 4876 βαρυστόνωεφέρειν,
2071 4781 2156 4865 quod

345 4901 415 4966 leve
439 4905 578 4965 erratum
602 4919 699 4982 quam
721 4900 846 4965 facilem
869 4898 983 4963 habeat
1005 4897 1258 4983 exphcationem,
1277 4898 1334 4960 vix
1358 4903 1406 4961 est
1425 4916 1483 4960 cur
1506 4896 1616 4959 dicam.
1654 4891 1737 4958 Vide
1761 4912 1859 4976 quarn
1883 4893 1955 4974 apta
1978 4889 2019 4952 sit
2041 4889 2154 4953 horum

348 5009 550 5092 potissimum
575 5025 728 5070 versuum
753 5008 929 5092 responsio,
953 5007 1009 5090 qui
1033 5011 1109 5070 sunt
1133 5003 1307 5067 770-796
1332 5011 1363 5068 et
1389 5002 1577 5066 tet-822:
