4782 5920
1021 431 1179 438 ψ
1226 395 1245 456 8
1292 433 1450 440 —

331 591 469 672 'liparim
498 590 610 658 πόλεως
638 591 793 674 scriptum
816 589 943 673 praebet
966 587 1043 668 ὅγκα
1069 611 1127 669 προ
1150 589 1267 658 πόλεως.
1314 592 1358 653 At
1381 609 1455 653 eum
1480 587 1573 652 verbe
1602 585 1712 656 adlawc
1734 585 1909 648 ἑπτάπυλον
1931 586 1996 655 ’ἕδος
2019 590 2138 672 optime

331 701 414 762 iuter
447 717 480 762 se
512 701 718 761 conectuntur
750 695 788 759 ad
822 695 1063 760 simihtudinem
1093 694 1225 759 Homeri
1258 699 1285 756 Δ
1311 695 1375 758 406
1404 703 1436 759 et
1462 699 1479 754 λ
1507 695 1570 757 263
1603 692 1709 776 Θήβης
1735 691 2030 766 ἕδος-ἑπταπύλοιο,
2064 697 2137 761 inde

333 805 439 891 colligi
466 804 539 868 licet
567 825 635 884 προ
656 803 736 866 illud
762 803 829 866 sine
853 809 984 866 accentu
1009 802 1221 885 traditumffi)⁷
1249 803 1334 887 quod
1361 821 1418 887 per
1441 821 1474 866 se
1498 808 1581 866 stare
1604 821 1667 864 non
1690 806 1802 885 potest
1825 800 1899 864 inde
1924 805 2034 864 natrun
2058 820 2137 884 esse,

332 910 418 995 quod
452 929 547 995 super
578 909 713 994 proximi
746 927 859 972 versus
890 908 1025 973 verbum
1058 909 1209 973 ultimum
1247 911 1400 994 scriptum
1439 914 1506 972 erat
1542 909 1581 972 ad
1614 909 1876 993 praepositionem
1909 906 1998 970 illam
2025 911 2078 968 ἐπί
2100 910 2131 970 in

332 1017 480 1099 ἐπιρρύου
502 1016 587 1080 haud
610 1017 716 1099 inopte
739 1014 958 1099 explicandam
982 1017 1015 1078 in
1039 1017 1125 1080 hunc
1147 1016 1212 1084 fere
1236 1016 1381 1079 modum:

899 1161 926 1200 τε
949 1137 1084 1220 μάκαιρ’
1111 1137 1226 1201 ἄνασς’
1250 1121 1411 1262 Ὀγκαξξὲ,ο
1441 1139 1552 1208 πόλεως

1061 1262 1236 1324 ἑπτάπυλον
1257 1262 1323 1332 ἕδος
1345 1263 1510 1344 ἐπιρρύου.

332 1373 414 1438 Nam
438 1373 568 1436 alteram
593 1370 669 1434 olim
693 1371 862 1436 lectionem
885 1371 1037 1434 hocloco
1060 1387 1195 1452 eamque
1218 1390 1325 1434 veram
1347 1371 1476 1451 'nyala
1499 1371 1598 1435 luisse
1621 1391 1639 1435 e
1663 1370 1782 1435 scholio
1806 1369 1845 1432 ad
1865 1390 1892 1430 v.
1915 1371 1977 1434 149
1996 1369 2136 1434 Alexan-

333 1482 442 1545 drinae
470 1479 628 1542 dochinac
655 1479 799 1562 vestigiis
827 1477 1032 1542 refertissimo
1060 1478 1264 1560 perspicitur:
1289 1475 1386 1556 Ὄγκα
1416 1477 1435 1552 ἡ
1461 1477 1585 1552 Ἀθηνᾶ
1617 1477 1760 1558 (fortasse
1792 1478 1886 1540 etiam
1918 1476 1969 1540 hic
2000 1478 2137 1556 Ὀγκαία,

334 1585 470 1666 Ἀθηνᾶ)
490 1581 577 1666 παρὰ
600 1582 757 1666 Θηβαίοις.
780 1583 939 1662 ἐπεύχεται
962 1581 992 1643 δὲ
1011 1579 1067 1656 τὴν
1085 1581 1248 1665 ἐπιχώριον
1267 1583 1419 1658 Ἀθηνᾶν,
1442 1583 1481 1652 ὡς
1500 1585 1518 1644 ὁ
1538 1581 1688 1651 Θετταλὸς
1706 1587 1776 1644 Ζεῦ
1794 1581 1865 1643 ἄνα
1885 1581 2074 1644 Δωδωναῖε
2087 1585 2137 1660 ¹⁰),

332 1691 387 1753 καὶ
411 1691 428 1752 ὁ
450 1689 568 1757 Λύκιος
595 1693 708 1750 κλῦθι
736 1688 843 1762 ἄναξ,
872 1687 909 1757 ὅς
936 1711 1006 1750 που
1028 1691 1232 1771 Avernae),
1259 1688 1314 1751 καὶ
1343 1689 1466 1758 ὁΎλιος
1493 1694 1564 1752 Ζεῦ
1581 1690 1726 1766 Ἴδηθεν
1748 1689 1939 1770 pretore).
1982 1690 2135 1770 Ὀχκαία

335 1797 477 1872 Ἀθηνᾶ
500 1801 658 1877 τιμᾶται
681 1795 782 1875 παρὰ
808 1794 1004 1877 Θηβαίοις,
1023 1795 1132 1875 Ὄγκα
1156 1794 1190 1856 δὲ
1214 1795 1316 1876 παρὰ
1340 1799 1413 1864 τοῖς
1439 1800 1592 1871 ΦοίνιξιΊ
1616 1795 1670 1858 καί
1691 1798 1833 1876 Ὀχκαῐαι
1856 1795 1957 1857 πύλαι.
1978 1799 2137 1878 μέμνηται

332 1904 388 1966 καὶ
412 1904 598 1984 Ἀντίμαχος
616 1900 671 1964 καὶ
691 1901 820 1970 Ῥιανός,
847 1903 955 1975 Φοίνιξ
976 1901 1006 1964 δὲ
1030 1901 1154 1964 ἄνωθεν
1173 1903 1190 1962 ὁ
1208 1902 1349 1984 Κάδμος,
1371 1905 1555 1986 praesertim
1575 1924 1649 1969 eum
1669 1904 1811 1968 eiusdem
1835 1904 1978 1983 'Oynalac
1998 1903 2136 1977 Ἀθηνᾶς

332 2014 427 2076 etiam
449 2012 484 2073 in
508 2010 627 2073 schoh0
652 2010 690 2073 ad
715 2009 878 2092 Sophoclis
902 2007 1010 2092 Oedip.
1035 2029 1098 2092 reg.
1122 2027 1152 2070 v,
1173 2011 1214 2072 29
1238 2012 1356 2074 mentio
1379 2009 1434 2074 fiat
1457 2017 1552 2093 atque
1574 2012 1655 2076 illud
1677 2012 1805 2090 Ὀγκαία
1829 2011 1889 2074 hoc
1912 2029 2041 2094 quoque
2067 2009 2135 2072 loco

332 2119 439 2183 haberi
461 2117 562 2201 possit
584 2135 640 2198 pro
664 2116 833 2195 adiectivo,
860 2121 897 2178 ut
920 2113 1048 2176 ἄνασσα
1069 2116 1197 2194 Ὀγκαία
1224 2117 1310 2181 idem
1332 2115 1396 2181 fere
1419 2117 1522 2181 valeat
1545 2118 1630 2200 quod
1653 2124 1759 2201 portae
1784 2116 1927 2182 Oncaeae
1951 2117 2086 2180 domina.
2099 2115 2136 2198 19)

438 2223 588 2307 Superest
615 2227 652 2286 ut
679 2222 718 2286 de
745 2241 842 2285 versu
871 2224 927 2305 qui
954 2225 1100 2306 proxime
1127 2222 1282 2285 antecedit
1311 2224 1374 2287 148
1403 2223 1560 2287 dieamus:
1590 2223 1839 2303 πολεμόκραντον
1870 2223 1966 2304 ἁγνὸν
1998 2226 2078 2290 τέλος
2106 2228 2138 2282 ἐν

332 2330 439 2411 μάχᾳ,
468 2349 566 2413 quem
588 2348 718 2393 versum
741 2330 825 2393 alius
848 2329 938 2394 aliter
960 2329 1118 2415 explicare
1143 2328 1267 2392 studuit
1294 2348 1399 2412 neque
1423 2332 1594 2414 quisquam
1618 2350 1722 2414 usque
1746 2331 1822 2394 adeo
1846 2331 2033 2412 enucleavit,
2061 2335 2138 2393 uta

333 2439 450 2501 maiore
478 2436 635 2500 editorum
662 2439 751 2519 parte
778 2435 907 2499 laudem
934 2441 1190 2519 consequeretur.
1236 2438 1345 2518 Atque
1373 2437 1516 2501 omnium
1545 2439 1717 2501 maximam
1741 2441 1820 2506 τέλος
1843 2437 2035 2502 vocabulum
2059 2434 2138 2499 diffi-

258 2564 262 2580 ⁴
333 2545 485 2607 cultatem
513 2541 692 2624 explicandi
721 2541 829 2622 habet,
859 2561 916 2627 per
954 2542 1039 2625 quod
1071 2541 1261 2606 vocabulum
1296 2543 1405 2608 eadem
1438 2545 1568 2615 ratione,
1602 2564 1666 2626 qua
1697 2563 1794 2628 supra
1817 2565 1845 2606 v.
1872 2545 1933 2606 120
1962 2543 2140 2623 φιλόμαχον

333 2647 455 2730 κράνος,
477 2650 579 2731 ipsam
598 2648 660 2710 dici
679 2646 856 2712 Minervam
876 2655 952 2713 sunt
971 2669 1101 2733 quoque
1121 2651 1176 2732 qui
1200 2655 1358 2730 censeant,
1380 2651 1414 2712 in
1438 2670 1502 2733 quo
1526 2669 1659 2716 numero
1682 2649 1723 2712 Η.
1743 2649 1879 2715 Weilius
1902 2658 1950 2715 est
1972 2653 2138 2715 nominan-

335 2757 404 2820 dus.
451 2754 510 2819 Cui
539 2754 669 2837 quidem
698 2754 902 2837 exphcationi
930 2755 994 2819 duo
1023 2758 1162 2820 maxime
1193 2763 1383 2840 repugnant:
1413 2759 1551 2840 primum
1580 2757 1667 2840 quod
1695 2759 1866 2820 necessitas
1893 2759 2075 2841 imponitur,
2104 2768 2139 2821 ut

333 2863 535 2946 participium
557 2860 636 2923 illud
659 2859 855 2925 Weilianum
878 2866 982 2923 στᾶσα
1004 2883 1062 2946 pro
1086 2861 1125 2924 σό
1149 2883 1179 2922 σε
1203 2862 1254 2925 vel
1281 2862 1384 2926 simile
1413 2862 1491 2946 quid
1513 2863 1744 2944 interimamus,
1773 2863 1860 2945 quod
1882 2863 2047 2928 adrrrittere
2069 2867 2139 2928 iure

334 2967 541 3048 dubitaveris,
567 2986 604 3030 ac
631 2985 673 3031 ne
700 2974 770 3030 tum
800 2967 929 3050 quidem
959 2987 996 3032 ea
1020 2988 1101 3052 quae
1125 2975 1305 3051 sequuntur
1329 2969 1368 3031 ad
1390 2969 1527 3051 priorem
1551 2967 1712 3034 Minervae
1734 2970 1968 3034 invocationem
1992 2976 2063 3053 apte
2086 2971 2139 3034 ad·

334 3075 521 3158 iunguntur.
567 3073 652 3137 lllud
679 3079 786 3138 autem
813 3073 967 3156 frustum,
997 3081 1034 3138 ut
1061 3077 1105 3138 ita
1133 3076 1250 3156 dicam,
1277 3073 1331 3134 καὶ
1360 3073 1487 3145 Διόθεν,
1517 3076 1554 3139 de
1583 3097 1646 3158 quo
1675 3079 1737 3140 iam
1766 3095 1861 3160 supra
1883 3076 2072 3160 agebamus,
2098 3097 2139 3141 er

334 3181 416 3244 alius
444 3181 600 3244 enuntiati
628 3198 755 3243 conexu
784 3181 933 3245 avulsum
961 3187 992 3246 et
1019 3181 1058 3244 ad
1086 3181 1185 3244 aliurn
1213 3181 1320 3244 locum
1348 3201 1418 3244 esse
1447 3182 1700 3247 transferendum
1728 3184 1883 3266 reperisse
1911 3185 1989 3248 mihi
2022 3185 2140 3264 videor,

335 3305 417 3370 quae
449 3305 500 3350 res
534 3285 723 3370 procedente
756 3287 886 3350 demum
919 3288 1133 3372 disputatione
1165 3285 1288 3351 absolvi
1315 3293 1425 3371 potest.
1476 3287 1612 3372 Propius
1644 3291 1741 3374 igitur
1769 3310 1787 3352 a
1813 3309 1888 3353 vero
1917 3290 2020 3372 abest,
2057 3293 2140 3355 sicut

334 3393 541 3457 Hermannus
574 3393 734 3476 ceterique
767 3412 878 3457 omnes
910 3394 948 3458 de
980 3392 1135 3457 abstracta
1168 3413 1250 3476 quae
1283 3392 1398 3457 dicitur
1429 3394 1528 3458 huius
1555 3394 1702 3458 vocabuli
1735 3395 1962 3479 significatione
1995 3397 2139 3482 cogitare.

334 3501 436 3583 Atqui
464 3519 538 3562 cum
566 3515 671 3580 neque
700 3500 859 3582 optativus
886 3499 976 3580 μόλοι
1004 3505 1060 3563 aut
1088 3501 1171 3559 πέλοι
1195 3501 1318 3584 (quales
1340 3500 1546 3565 Hennannus
1570 3502 1681 3583 voluit)
1710 3507 1766 3566 aut
1792 3505 1908 3582 γένοιτο
1931 3507 2039 3587 (quem
2062 3502 2139 3567 Din-

336 3605 455 3670 dorlius
477 3604 634 3688 praetulit)
658 3604 697 3667 ad
719 3605 800 3668 illud
822 3605 938 3668 Διόθεν
960 3613 1053 3690 aptus
1077 3606 1262 3690 suppleatur
1280 3612 1311 3670 et
1329 3625 1483 3671 versuum
1503 3608 1734 3690 strophicorunr
1754 3611 1927 3689 syntectica
1945 3613 2024 3675 ratio
2043 3629 2137 3695 quam

335 3713 475 3775 maxime
504 3711 647 3791 suadeat,
675 3717 712 3774 ut
739 3713 773 3774 in
800 3713 861 3776 hoc
889 3714 983 3776 etiam
1010 3713 1225 3796 antistrophae
1253 3713 1386 3778 dimetro
1413 3715 1510 3780 breve
1539 3713 1699 3796 quoddam
1728 3717 1928 3780 enuntiatum
1953 3724 2137 3793 statuamus

336 3819 430 3902 quale
454 3817 623 3901 abruptum
649 3817 776 3881 dicendi
797 3839 900 3903 genus
923 3819 963 3882 ad
985 3821 1147 3903 virginum
1172 3839 1313 3884 summas
1337 3821 1566 3886 sollicitudines
1590 3821 1803 3904 depingendus
1825 3825 1967 3888 maxime
1986 3822 2134 3906 quadrare

335 3925 452 3989 elucet:
476 3925 625 4008 equidem
648 3945 714 3989 non
737 3925 857 4008 dubito,
880 3928 959 4010 quin
982 3925 1088 3990 verbis
1110 3927 1161 3990 his
1185 3925 1434 4008 πολεμόκραντον
1457 3924 1553 4006 ἁγνὸν
1576 3930 1656 3995 νόος
1678 3933 1710 3988 ἐν
1731 3927 1824 4008 μάχᾳ
1846 3949 1903 4012 per
1926 3949 1958 3993 se
1980 3931 2046 4010 ipsa
2063 3939 2132 3984 sen-

335 4034 433 4096 tentia
460 4034 659 4096 contineatur
687 4032 838 4097 absoluta
883 4033 997 4117 Itaque
1025 4053 1099 4096 cum
1127 4033 1211 4116 apud
1234 4032 1431 4114 Aeschylum
1461 4038 1586 4116 poetam
1609 4035 1643 4096 in
1667 4036 1797 4098 canticis
1820 4038 1957 4100 maxime
1978 4026 2134 4114 grandilo-

336 4158 438 4221 quum
461 4138 578 4202 lccutio
600 4138 655 4201 illa
678 4139 927 4220 πολεμόκρανιον
949 4142 1031 4205 νόος
1053 4138 1134 4200 nihil
1157 4138 1243 4203 aliud
1266 4140 1371 4204 valere
1394 4141 1548 4221 videatur,
1570 4142 1632 4204 uisi
1656 4145 1790 4222 πολέμου
1814 4145 1892 4208 τέλος
1913 4141 1932 4201 i.
1951 4155 1976 4200 e.
1996 4133 2051 4198 das
2075 4134 2136 4196 den

335 4245 433 4330 Krieg
465 4245 708 4310 entscheidende
737 4245 871 4309 Endziel
902 4247 922 4308 i.
946 4266 970 4310 e.
1004 4245 1168 4309 honestam
1201 4265 1313 4329 pacem
1346 4248 1396 4310 vel
1424 4249 1518 4312 etiam
1541 4248 1719 4329 victoriam,
1751 4249 1906 4314 hocloco
1934 4243 2136 4308 Homericam

336 4352 420 4416 illam
453 4354 642 4416 seutentiam
675 4352 855 4436 paullulum
888 4353 1040 4416 variatam
1072 4371 1140 4417 esse
1173 4352 1377 4435 crediderim,
1409 4373 1491 4438 quae
1523 4360 1584 4436 est,
1616 4359 1653 4418 ut
1675 4356 1819 4441 exempla
1845 4352 1987 4432 afferam,
2019 4352 2055 4410 Π
2075 4348 2139 4411 630

336 4459 388 4522 vel
410 4460 443 4519 Γ
463 4459 540 4522 29οε

761 4570 797 4626 ἐν
819 4562 879 4646 γὰρ
898 4563 1006 4646 χερσί
1030 4569 1129 4634 τέλος
1152 4569 1326 4646 πολέμου,
1350 4569 1444 4627 ἐπέων
1463 4567 1489 4626 δ’
1515 4567 1558 4628 ἐνὶ
1581 4572 1684 4654 βουλῇ.

763 4675 803 4746 τῷ
827 4670 864 4733 ού
887 4697 915 4732 τι
933 4671 997 4752 χρι)
1019 4676 1127 4753 μῦθον
1150 4675 1293 4751 ὀφέλλειν,
1317 4673 1396 4734 ἀλλὰ
1418 4673 1625 4755 μάχεσθαι.
1649 4682 1681 4738 et

446 4901 489 4969 15)
509 4902 540 4952 ut
567 4915 672 4969 semper
699 4901 753 4954 lere
781 4903 994 4971 praepositiones
1021 4905 1083 4956 ante
1111 4903 1311 4957 substantivum
1341 4905 1444 4972 positae
1471 4904 1500 4958 in
1523 4905 1574 4958 hoe
1598 4903 1690 4957 codice
1713 4903 1773 4958 sine
1796 4905 1910 4956 accentu
1934 4901 1999 4956 olim
2028 4901 2144 4968 scriptae

338 4990 447 5044 luerunt
464 4992 496 5043 ut
513 4982 665 5050 όνιιπαιι
683 4991 733 5043 ιιι.
896 4992 940 5060 16)
958 4991 1067 5046 nomer.
1087 4993 1117 5041 n
1134 4992 1193 5046 aaa.
1357 4992 1400 5061 ιι)
1419 4993 1455 5046 u.
1475 4993 1539 5047 reu.
1559 4992 1621 5047 514.
1785 4989 1828 5058 18)
1847 4990 1884 5044 u.
1903 4992 1930 5038 ιι
1950 4989 2010 5044 soa.

445 5079 489 5148 19)
509 5077 634 5132 Ceterum
653 5077 685 5131 de
706 5077 780 5132 Onca
799 5080 950 5134 conteratur
968 5079 996 5136 F.
1016 5081 1188 5149 Lenormant,
1207 5080 1246 5135 les
1266 5079 1411 5149 premieres
1431 5081 1618 5136 civilisations.
1637 5081 1673 5135 11.
1693 5097 1718 5148 p.
1739 5080 1799 5133 353.
