4782 5920
951 399 1109 408 m...
1157 365 1176 425 5
1222 401 1380 408 ---.-.,

371 565 398 625 2.
424 561 582 638 Quoniam
609 560 669 624 hoc
699 559 848 622 ultimum
879 558 1079 642 stropharum
1108 579 1163 641 par
1190 558 1339 622 omnibus
1366 558 1493 642 probari
1521 559 1674 639 vidimus,
1706 559 1894 624 accedamus
1920 579 2009 624 nnnc
2031 562 2071 624 ad

263 671 404 753 reliquas
427 668 525 732 huius
553 667 703 730 carminis
731 673 851 749 partes,
878 683 958 748 quas
987 666 1014 728 is
1039 666 1094 747 qui
1118 667 1240 748 primus
1264 668 1297 727 in
1321 665 1402 728 hauc
1425 684 1492 729 rem
1515 665 1694 747 inquisivit,
1715 667 1887 749 Augustus
1910 666 2071 732 Seidlerus

264 778 296 840 in
324 774 406 839 libro
435 774 474 837 de
502 773 647 838 versibus
676 771 867 834 dochmiacis
895 771 978 835 edito
1006 771 1075 854 lege
1103 771 1329 855 antistrophica
1357 773 1457 835 teneri
1480 773 1592 835 statuit
1614 790 1673 834 nec
1696 777 1803 836 tamen
1826 771 1975 836 omnibus
1999 793 2072 856 pro-

265 882 359 947 bavit.
397 879 485 955 Quos
510 897 622 944 versus
645 879 702 962 qui
724 877 880 961 farragine
899 879 1037 961 quadam
1056 877 1353 958 additamentorum,
1375 879 1571 958 lacunarum,
1596 879 1890 960 transpositionem,
1913 880 2072 963 cuiusque

265 988 350 1052 modi
377 986 589 1050 remediorum
618 993 766 1068 corigesta
793 985 971 1064 obruerint,
1000 989 1065 1047 tam
1089 983 1181 1047 multi
1205 985 1409 1064 exstiterunt,
1440 995 1475 1048 ut
1499 984 1606 1047 omnia
1628 986 1782 1068 respicere
1806 986 2070 1069 supersedeamus

264 1113 370 1178 neque
399 1093 613 1176 indiligentiae
641 1093 773 1156 crimine
799 1091 1033 1155 insimulemur.
1080 1091 1188 1174 Atque
1215 1092 1355 1174 primum
1385 1091 1513 1173 quidem
1542 1089 1616 1152 inde
1639 1089 1678 1152 ab
1701 1109 1797 1154 versu
1821 1091 1967 1156 editionis
1990 1092 2071 1157 Her-

265 1200 454 1264 mannianae
481 1198 520 1260 78
545 1217 649 1280 usque
668 1197 706 1260 ad
724 1218 753 1260 y.
777 1197 838 1260 150
863 1217 936 1261 cum
967 1199 1107 1281 virgines
1134 1199 1165 1260 in
1196 1197 1417 1261 dochmiacum
1447 1217 1618 1262 numerum
1647 1196 1808 1262 exsultare
1832 1217 1944 1263 omnes
1968 1200 2071 1264 adhuc

266 1305 496 1385 consenserint,
519 1304 646 1369 casdem
670 1324 750 1387 quas
774 1304 812 1368 de
836 1304 1056 1368 dochmiorum
1080 1303 1332 1385 Aeschylcorum
1356 1305 1583 1387 compositione
1607 1309 1638 1367 et
1660 1306 1868 1387 responsione
1891 1306 1925 1369 in
1949 1306 2070 1371 observ.

266 1412 304 1475 de
332 1431 464 1475 numero
493 1411 675 1474 dochmiaco
704 1431 770 1494 cap.
794 1411 818 1474 Ι.
841 1419 872 1476 et
896 1409 937 1475 Il.
962 1413 1097 1494 exposui
1124 1410 1210 1494 leges
1241 1411 1291 1473 his
1316 1428 1445 1493 quoque
1468 1411 1501 1472 in
1525 1410 1661 1493 strophis
1685 1410 1724 1473 ab
1747 1412 1907 1493 Aeschylo
1931 1419 2070 1477 servatas

267 1537 335 1582 esse
363 1519 431 1582 iure
460 1523 567 1581 nostro
592 1518 856 1601 exspectabimus
903 1516 992 1592 Quae
1016 1535 1087 1600 spes
1110 1516 1216 1580 hllere
1239 1536 1298 1580 nos
1321 1535 1358 1580 eo
1381 1517 1489 1580 nrinus
1512 1517 1636 1599 poterit,
1665 1517 1752 1599 quod
1775 1537 1863 1581 nunc
1887 1519 2016 1582 demum
2038 1519 2071 1584 id

266 1645 392 1688 carmen
415 1625 647 1706 Aeschyleum,
675 1623 810 1708 Choliph.
836 1626 899 1687 928
911 1645 993 1708 sqq,
1021 1623 1107 1706 quod
1136 1643 1237 1687 unrun
1266 1622 1442 1686 rationibus
1471 1642 1563 1686 ame
1592 1625 1761 1706 propositis
1789 1643 1965 1708 repugnare
1994 1626 2070 1689 mihi

266 1731 296 1810 (l.
320 1731 340 1794 l.
364 1752 393 1815 p.
419 1730 660 1814 dividebatur,
692 1750 732 1795 ex
766 1750 830 1814 quo
855 1729 1069 1794 Kirchhotllus
1103 1736 1134 1793 et
1157 1729 1333 1794 Verrallius
1361 1748 1443 1812 quae
1472 1750 1491 1791 a
1517 1728 1650 1792 librariis
1678 1731 1821 1814 neglecta
1848 1738 1879 1795 et
1906 1733 1940 1795 in
1963 1731 2071 1796 codice

266 1837 405 1902 Medicas
435 1839 551 1902 omissa
579 1845 669 1902 erant
697 1838 868 1921 ephymnia
891 1835 1061 1920 repetenda
1083 1843 1286 1917 curaverunt,
1313 1836 1445 1900 adeam
1469 1835 1672 1919 potissimum
1695 1836 1798 1920 legem
1822 1837 2071 1902 confirmandam

265 1945 359 2025 valet,
381 1964 423 2008 ex
448 1964 511 2027 qua
534 1944 656 2008 nullam
675 1944 830 2024 Aeschyli
847 1943 1014 2028 periodum
1038 1943 1251 2006 dochmiacam
1274 1944 1345 2025 ipso
1364 1961 1498 2006 numero
1518 1941 1701 2006 dochmiaco
1721 1943 1851 2025 absolvi,
1874 1943 1929 2008 sed
1948 1963 2074 2030 semper

265 2050 440 2114 clausulam
469 2051 733 2114 alloeometricam
763 2069 844 2133 quae
873 2049 988 2114 dicitur
1010 2049 1149 2114 adhiberi
1173 2049 1383 2114 contenditur.
1431 2047 1500 2123 Quo
1523 2048 1569 2128 tit,
1593 2056 1629 2112 ut
1650 2049 1690 2112 ad
1713 2069 1750 2114 ea
1773 2049 1924 2132 subsidia,
1953 2052 2071 2134 quibus

265 2159 401 2222 editores
428 2157 533 2222 adhuc
562 2157 600 2220 ad
628 2157 870 2241 antistrophicos
898 2177 1011 2221 versus
1040 2157 1264 2222 discernendos
1293 2155 1476 2236 utebantur,
1504 2155 1567 2220 duo
1592 2155 1742 2220 accedant
1764 2158 1964 2223 antitheticae
1988 2179 2072 2222 com·

265 2265 430 2346 positionis
455 2264 658 2327 documenta:
684 2265 846 2346 responsio
869 2263 1061 2346 syllabarum
1086 2265 1119 2326 in
1143 2263 1278 2348 singulis
1301 2261 1436 2347 pedibus
1460 2281 1557 2346 qnam
1583 2265 1830 2346 accuratissima,
1853 2267 1915 2328 nisi
1935 2265 2018 2348 quod
2037 2267 2072 2328 in

265 2371 413 2434 anacrusi
441 2369 664 2434 irrationalitas
692 2371 800 2434 minus
828 2376 973 2454 rugatam,
1000 2378 1031 2434 et
1058 2389 1172 2434 versus
1199 2371 1234 2434 in
1262 2371 1378 2453 quovis
1406 2369 1607 2453 singularum
1634 2371 1835 2453 periodorum
1864 2371 1954 2434 exitu
1977 2371 2073 2435 alloe-

266 2477 410 2540 omctrici
434 2478 502 2540 sine
526 2476 592 2540 ulla
615 2478 800 2560 exceptione
823 2477 992 2560 repetendi.
1040 2475 1100 2540 His
1123 2478 1220 2560 igitur
1242 2476 1419 2541 rationibus
1443 2475 1530 2540 ducti
1554 2478 1581 2540 si
1604 2475 1643 2540 ad
1671 2478 1894 2560 proximorum
1918 2495 2071 2542 versuum

267 2583 528 2665 compositionem
558 2583 778 2667 explicandam
806 2583 1023 2668 aggredimur,
1050 2603 1125 2648 cum
1153 2585 1387 2668 paenultimam
1411 2582 1498 2666 quod
1522 2583 1619 2666 vulgo
1647 2583 1849 2647 existimatur
1871 2584 2071 2668 stropharum

267 2707 324 2770 par
347 2689 394 2752 sic
416 2687 481 2752 fere
504 2689 537 2752 in
562 2688 603 2752 M.
628 2689 828 2754 exhibeatur:

689 2800 865 2875 λατογένεια
888 2794 987 2878 κοόρα
1014 2795 1100 2870 τόξον
1122 2795 1290 2870 ἐντοκάζοο

691 2900 801 2982 άρτεμι
823 2904 908 2980 φίλα.

554 3012 637 3088 (στρ.)
683 3013 810 3070 titt

691 3114 802 3196 ὄτοβον
825 3115 977 3198 ἁρμάτων
999 3115 1084 3199 ἀμφὶ
1108 3116 1196 3178 πόλιν
1218 3113 1306 3178 utto.

690 3215 715 3282 ὦ
739 3220 850 3283 πότνια
875 3222 943 3304 ἥρη.

690 3327 803 3391 ἔλακον
826 3327 944 3402 ἀξόνων
965 3333 1163 3412 βριθομένων
1181 3330 1285 3410 χνόαι

691 3433 800 3517 ἄρτεμι
823 3437 906 3512 φίλα.

694 3547 707 3602 ἐ
731 3547 744 3602 ἐ
767 3546 821 3604 ἐτ’.

692 3647 899 3726 δοριτίνακτος
920 3647 947 3707 δ’
974 3647 1073 3730 αἰθὴρ
1096 3653 1299 3730 ἐπιμαίνεται.

693 3755 723 3813 τέ
743 3753 828 3820 πόλις
851 3752 936 3835 άμμι
960 3753 1080 3833 πάσχει.
1114 3757 1145 3815 τί
1162 3754 1331 3835 γενήσεται.

692 3863 755 3920 ποῖ
777 3859 804 3920 δ’
830 3859 883 3922 ἔτι
907 3865 1007 3928 τέλος
1029 3859 1161 3941 ἐπάχει
1184 3861 1278 3928 θεός.

482 3965 640 4046 (άντιοτρ.)
690 3973 703 4027 ε’
726 3972 740 4028 ἐ
762 3972 776 4027 ἐ
799 3970 820 4027 ε’.

692 4072 871 4155 ἀκροβόλων
893 4073 919 4134 δ’
947 4072 1100 4147 ἐπάλξεων
1120 4071 1214 4142 λιθάς
1237 4071 1366 4156 ἔρχεται,

693 4173 716 4239 ὦ
735 4181 798 4258 ‹pst'
825 4181 967 4242 άπολλον.

692 4285 826 4369 κόναβος
849 4294 882 4348 ἐν
905 4285 1016 4354 πάλαις
1033 4285 1227 4365 χαλκοδέτων
1250 4291 1371 4348 οακέων

691 4391 748 4454 καὶ
770 4392 876 4455 διόθεν

693 4500 944 4581 πολεμόκραντον
967 4497 1063 4579 ἁγνὸν
1085 4501 1165 4568 raher
1188 4506 1220 4560 ἐν
1240 4501 1382 4582 μάχαιοί

694 4629 722 4668 τε
745 4605 880 4688 μάκαιρ’
907 4605 1023 4668 άναοο’
1050 4605 1127 4686 όχκα
1152 4629 1210 4686 προ
1234 4606 1345 4675 πόλεως
1367 4609 1436 4690 (sic)

693 4713 907 4775 tardantur
928 4712 1008 4782 ἕδος
1031 4712 1213 4795 ἐπιρρύου.
1597 4714 1658 4777 150

271 4819 370 4898 primo
405 4819 511 4881 statinr
541 4825 670 4902 aspectu
700 4821 773 4883 licet
800 4823 976 4905 perspicere
1000 4819 1200 4886 Diodorlium
1224 4829 1329 4905 aperte
1352 4821 1414 4884 lalli
1440 4823 1495 4904 qui
1519 4820 1594 4884 haec
1617 4821 1655 4884 ad
1679 4823 1892 4887 antitheticam
1917 4826 2072 4888 rationem

272 4959 338 4968 -—
350 4963 481 4971 -.-..-
495 4965 584 4972 *-

379 5047 420 5115 13)
439 5049 471 5102 cl.
491 5050 554 5104 edit.
575 5049 769 5104 Kirchhoilian.
799 5050 919 5107 Borolini
938 5067 960 5106 a.
983 5051 1052 5106 1880
1070 5051 1103 5106 ad
1123 5051 1241 5120 Chooph.
1261 5051 1314 5105 944
1333 5054 1360 5103 at
1377 5050 1437 5104 966,
