4782 5920
1010 382 1167 388 ---.
1214 347 1234 406 4
1280 382 1438 388 -m-

320 540 372 604 vel
395 541 430 603 in
457 541 576 623 optimo
605 540 837 622 teterrimoque
866 539 973 604 codice
996 538 1138 604 Medioeo
1168 539 1418 622 corruptelarum
1447 537 1595 603 sordibus
1624 538 1795 604 deformata
1817 541 1987 605 invenitur.
2034 539 2127 616 Quod

321 666 396 710 oum
418 647 451 708 in
475 647 778 730 praestantissimam
803 665 964 730 quamque
987 645 1113 710 fabulae
1131 651 1251 730 partem
1271 646 1411 710 maxime
1430 646 1528 727 cadat,
1551 644 1590 708 ab
1609 646 1671 709 hoc
1689 650 1921 729 programmate
1940 647 2126 712 scholastico

321 752 406 816 haud
439 752 580 816 alienum
612 771 682 816 esse
714 751 861 816 existimo
895 753 933 817 de
966 753 1067 816 tribus
1100 753 1301 837 potissimum
1333 753 1431 816 huius
1462 751 1587 816 tabulae
1615 751 1694 816 locis
1722 751 1891 833 disserere,
1923 753 1960 817 de
1987 753 2128 837 parodo

321 879 350 920 r.
373 858 534 940 78-162,
558 859 596 923 de
620 859 790 942 episodio
814 858 933 923 altero
957 879 986 920 u.
1012 859 1196 940 aso-548,
1220 859 1258 922 de
1283 863 1417 942 quarto
1440 860 1546 923 chori
1570 859 1753 940 carmine,
1776 859 1862 942 quod
1881 859 1997 924 dicitur
2019 859 2127 921 στάσι-

319 987 382 1046 μον
404 963 430 1046 y'
454 986 483 1026 v.
509 965 700 1028 soa-837.
747 964 873 1041 Quibus
896 967 934 1029 de
962 966 1040 1030 locis
1068 967 1096 1030 si
1124 965 1201 1048 quid
1229 985 1342 1048 parum
1370 964 1559 1049 probavero,
1587 985 1735 1048 magnam
1763 964 1862 1029 habeo
1891 985 1980 1049 spem
2003 967 2068 1030 lore
2091 975 2129 1030 ut

322 1072 380 1134 hoc
409 1073 488 1135 mihi
516 1071 910 1156 condoneturpropterea,
938 1073 1025 1156 quod
1051 1072 1226 1155 permultos
1250 1077 1322 1136 ante
1345 1091 1396 1135 me
1420 1074 1505 1136 viros
1528 1072 1639 1136 doctos
1662 1091 1782 1155 eosque
1804 1074 1923 1137 maiore
1946 1081 1977 1138 et
1998 1073 2127 1157 ingenio

322 1183 353 1240 et
381 1177 523 1240 doctrina
548 1177 705 1262 praeditos
734 1185 857 1242 constat
882 1181 917 1242 in
945 1179 994 1243 his
1020 1177 1145 1242 fabulae
1172 1178 1316 1262 partibus
1344 1178 1550 1244 emendandis
1578 1177 1630 1241 vel
1657 1179 1853 1262 explicandis
1883 1199 1975 1263 saepe
2007 1199 2151 1243 avaro·

323 1283 490 1348 aberrasse.
537 1283 751 1359 Quamobrem
780 1287 903 1350 muneri
928 1291 1075 1369 suscepto
1101 1285 1311 1350 satisfecisse
1335 1286 1412 1349 mihi
1435 1283 1583 1364 videbor,
1611 1284 1783 1348 dummodo
1807 1305 1860 1349 eas
1883 1287 2023 1350 rationes
2047 1305 2126 1368 quas

324 1391 357 1452 in
377 1389 568 1454 recensendo
587 1391 698 1475 paradi
716 1394 808 1456 initio
827 1399 859 1458 et
877 1395 910 1455 in
930 1391 1133 1476 disponendis
1158 1411 1214 1456 sex
1237 1394 1348 1475 primis
1372 1393 1553 1455 orationum
1576 1389 1706 1474 paribus
1729 1391 1787 1453 inii
1810 1410 1909 1454 novas
1933 1411 1999 1456 non
2023 1393 2127 1456 desint

324 1498 380 1580 qui
403 1499 462 1560 etsi
485 1499 594 1562 minus
617 1497 655 1562 de
679 1499 813 1583 singulis
835 1498 913 1564 locis
938 1499 1096 1579 omnibus,
1119 1504 1255 1562 attamen
1279 1500 1314 1562 in
1337 1500 1525 1562 universum
1548 1495 1680 1580 probare
1703 1515 1767 1559 non
1791 1496 1945 1564 dubitent

428 1604 478 1666 Ac
500 1623 541 1668 ne
563 1605 644 1668 illud
668 1605 796 1688 quidem
820 1605 901 1668 mihi
925 1604 1090 1689 opprobrio
1113 1605 1180 1669 iore
1203 1625 1305 1690 spero,
1332 1605 1419 1689 quod
1442 1603 1544 1668 sicubi
1566 1623 1623 1687 pro
1647 1609 1731 1666 certo
1756 1601 1904 1668 affirmari
1926 1624 1992 1667 non
2014 1611 2129 1688 potest,

324 1729 406 1792 qum
429 1729 503 1774 vera
525 1710 644 1774 fuerint
666 1711 821 1792 Aeschyli
843 1711 948 1792 verba,
970 1712 1004 1775 id
1027 1719 1109 1777 certe
1134 1713 1219 1796 quod
1242 1712 1280 1775 ab
1299 1719 1428 1776 auctore
1446 1712 1606 1795 proditum
1625 1728 1695 1774 esse
1713 1715 1817 1793 potest
1834 1729 2011 1794 proponere
2030 1731 2127 1793 quam

324 1821 470 1900 corrupta
498 1817 594 1882 verba
620 1818 761 1880 acumini
788 1819 1026 1902 ingeniosorum
1054 1820 1223 1883 hominum
1246 1819 1285 1883 de
1308 1839 1391 1883 novo
1414 1821 1554 1902 proicere
1581 1817 1695 1897 malui,
1717 1816 1814 1900 idque
1842 1835 1878 1880 eo
1902 1818 2014 1901 magis,
2042 1818 2128 1900 quod

323 1923 362 1986 ad
394 1943 491 1986 usum
525 1923 746 1996 scholasticum
779 1943 816 1988 ea
847 1925 1041 2008 exemplaria
1071 1927 1294 2009 requiruntur,
1331 1926 1448 2010 quibus
1490 1931 1592 1990 totum
1625 1925 1824 1988 contineatur
1856 1923 1980 1988 fabulae
2012 1942 2127 2007 corpus

325 2030 455 2094 molesta
477 2032 539 2094 ista
561 2029 681 2112 illuvie,
704 2051 785 2114 quae
810 2051 919 2095 cruces
942 2031 1098 2096 editorum
1124 2033 1219 2116 vulgo
1244 2033 1405 2113 dicuntur,
1428 2031 1574 2096 ablutum
1598 2036 1629 2095 et
1652 2035 1875 2115 expurgatum.

1213 2226 1237 2289 I.

432 2351 458 2412 1.
492 2349 786 2416 Praeclarissimum
823 2352 900 2416 illud
934 2371 1062 2416 carmen
1093 2351 1259 2416 Thebanae
1291 2351 1417 2415 tabulae
1449 2353 1590 2435 primum
1623 2351 1758 2415 editores
1790 2350 1855 2414 fere
1888 2370 1999 2416 omnes
2031 2371 2128 2434 quam

325 2457 463 2519 maxime
501 2455 653 2521 sollicitos
690 2457 815 2540 habuit,
851 2478 914 2522 non
948 2479 1011 2544 quo
1045 2461 1233 2523 universum
1265 2457 1448 2541 perdifficile
1481 2457 1523 2521 sit
1559 2457 1598 2520 ad
1628 2456 1879 2539 intellegendum
1913 2465 1969 2522 aut
2005 2457 2129 2542 singula

324 2561 510 2644 corruptelis
537 2562 814 2646 inexplicabilibus
843 2564 1010 2648 depravata
1039 2567 1111 2648 sint,
1139 2566 1195 2631 sed
1219 2565 1306 2649 qnod
1332 2567 1403 2648 ipsa
1425 2564 1628 2647 stropharum
1651 2563 1765 2627 divisio
1790 2569 1821 2628 et
1843 2566 2008 2648 responsio
2028 2566 2130 2628 maxi-

324 2669 385 2732 mis
405 2667 656 2734 dubitationibus
676 2670 732 2733 diu
749 2670 811 2734 fuit
834 2671 978 2735 obnoxia.
1015 2671 1097 2736 Nam
1117 2692 1191 2737 cum
1214 2673 1431 2756 responsionis
1455 2671 1600 2754 vestigia,
1623 2691 1686 2754 quo
1711 2671 1836 2756 longius
1861 2671 1899 2734 ab
1917 2671 1981 2735 fine
1999 2671 2130 2752 recedis,

324 2795 361 2838 eo
386 2777 450 2838 sint
473 2773 663 2857 obscuriora,
691 2796 756 2840 non
780 2778 930 2841 convenit
950 2779 1034 2842 inter
1056 2799 1167 2844 omnes
1190 2781 1275 2843 viros
1298 2779 1407 2842 doctos
1432 2779 1494 2841 nisi
1517 2777 1556 2840 de
1579 2776 1692 2840 ultimo
1716 2776 1916 2860 stropharum
1935 2778 2016 2861 pari,
2042 2777 2128 2860 quod

324 2883 358 2944 in
387 2882 521 2947 dubium
548 2902 661 2946 vocare
689 2885 745 2946 vix
773 2885 943 2968 quisquam
967 2884 1108 2967 audebit,
1138 2888 1213 2969 quia
1235 2891 1385 2968 aequatas
1408 2881 1536 2966 praebet
1558 2901 1711 2946 versuum
1737 2882 1873 2963 syllabas
1897 2886 2129 2968 perspicuoque

326 3008 449 3073 semper
472 3009 604 3054 numero
634 2989 780 3074 desumit,
808 2993 903 3055 modo
932 2998 1081 3074 quattuor
1105 2993 1318 3075 antistrophae
1345 2991 1405 3054 loci
1429 2991 1628 3072 corrigantur
1649 2989 1882 3053 mutationibus
1905 2991 2128 3054 minutissimis

325 3115 353 3155 r.
381 3093 449 3157 158·
470 3094 610 3176 λυτήριοί
634 3099 659 3159 τ’
690 3099 810 3161 inserta
837 3119 910 3162 cum
939 3096 1076 3162 Seidlero
1106 3102 1140 3159 τὲ
1168 3099 1294 3184 coprda,
1323 3099 1385 3160 159
1413 3099 1549 3178 μέλισύέ
1572 3097 1607 3155 19¹
1633 3099 1722 3177 ἱερῶν
1748 3115 1805 3178 pro
1834 3099 1966 3176 parvas
1989 3094 2014 3155 δ’
2040 3101 2130 3178 ἱερῶν

325 3201 505 3266 secundum
531 3201 781 3285 Blomfieldium,
811 3203 873 3266 160
901 3203 1064 3284 paliperna
1092 3205 1240 3287 ἀρήξατε,
1267 3207 1365 3269 eiecta
1399 3222 1481 3286 quae
1510 3204 1605 3266 etiam
1633 3203 1710 3266 alias
1739 3208 1776 3264 ut
1804 3222 1832 3264 r.
1864 3203 1934 3266 140.
1961 3203 2023 3265 144
2046 3203 2129 3268 mala

324 3307 451 3372 additur
486 3306 516 3368 δὲ
543 3310 710 3392 particula,
740 3317 775 3375 ut
802 3330 927 3374 crassos
956 3311 1114 3394 quoddam
1141 3332 1245 3396 genus
1275 3332 1339 3376 non
1368 3309 1548 3374 inauditum
1561 3311 1598 3389 11)
1623 3308 1822 3388 adhibeatur,
1851 3308 1911 3371 161
1942 3309 2046 3377 πόλεος
2072 3330 2129 3393 pro

326 3414 446 3486 aanor.
468 3415 501 3478 id
534 3415 618 3497 quod
641 3415 795 3482 Ricardns
819 3416 983 3481 Personas
1015 3417 1096 3482 bene
1127 3421 1296 3502 perspexit.
1343 3416 1449 3482 Habes
1481 3418 1579 3500 igitrn·
1611 3414 1780 3498 stropham,
1812 3433 1894 3498 quae
1926 3421 2060 3498 constat,
2093 3423 2131 3482 ut

325 3522 512 3586 brevissime
541 3521 659 3605 dicam,
685 3542 703 3586 e
732 3523 879 3606 dimetro,
906 3529 1114 3606 pentametro,
1142 3531 1322 3590 tetrametro
1351 3546 1425 3589 cum
1454 3522 1665 3588 anacrusibus
1691 3520 1741 3585 bis
1768 3521 2002 3604 monosyllaba,
2031 3523 2129 3587 semel

327 3629 461 3693 iambica
483 3630 676 3712 paeonicam,
700 3631 752 3693 cui
775 3629 815 3694 ad
838 3630 971 3694 eandem
993 3650 1123 3714 prorsus
1147 3634 1310 3714 rationem,
1334 3653 1430 3716 quam
1454 3632 1487 3694 in
1512 3627 1785 3694 observationibus
1810 3629 1848 3694 de
1875 3647 2009 3693 numero
2034 3629 2130 3693 doch-

326 3736 428 3800 miaco
456 3757 485 3820 p.
512 3735 552 3796 14
575 3741 606 3798 et
631 3736 670 3798 15
700 3735 793 3800 docui
819 3736 858 3799 ab
882 3737 1043 3819 Aeschylo
1071 3740 1104 3802 in
1134 3739 1329 3804 carminibus
1356 3739 1479 3804 creticis
1508 3738 1560 3802 vel
1584 3736 1743 3820 paeoniois
1773 3737 1957 3818 saepissime
1980 3735 2130 3814 adhiberi,

327 3845 466 3906 trimeter
489 3841 693 3906 dochmiacus
717 3842 893 3926 applicatur
915 3845 948 3908 in
972 3844 1058 3909 hunc
1081 3846 1226 3910 modum:

539 3971 602 4030 στρ.
648 3947 701 4034 clai
726 3947 913 4035 παναρΙκεῖς
937 3953 1015 4020 θεοί,

653 4051 707 4141 1Ιώ
731 4055 853 4142 tarazas
877 4057 1006 4143 aalaajal
1027 4079 1056 4118 τε
1079 4057 1242 4143 γᾶςΗτᾶςόε
1266 4055 1577 4143 πυρῇγοφύλακεςβῗ)

655 4160 994 4249 πόλινρορὺπονονγμὴ
1018 4161 1369 4250 προδῶθ’ᾗξὲτεροφώῙνφ
1392 4165 1520 4243 στρατῷ.

763 4267 865 4330 κλύετε
890 4268 1182 4357 παρθε’νων,1κλύετε
1207 4266 1384 4354 tardiusculi
1390 4267 1583 4348 χειροτόνους
1606 4268 1697 4336 λιτάς.
1857 4269 1918 4330 155

478 4377 611 4457 ἀντιστρ.
657 4373 710 4462 lid)
732 4371 986 4462 φίλοιΙδαίμονες,

653 4481 810 4569 allatam
830 4483 1090 4571 reparcam
1113 4483 1336 4571 astrapaea·
1363 4466 1592 4570 capuanae.

653 4587 807 4677 μελεσιθέ
826 4591 861 4649 19¹
887 4587 1491 4677 ἱερῶν1δημὰυν11μελόμενοιυάᾗρὴξατε.
1857 4588 1918 4652 160

769 4694 947 4775 φιλοθύτων
969 4695 1002 4757 da'
1023 4695 1192 4784 recluditur
1216 4699 1325 4779 ὀργίων
1334 4696 1342 4782 l
1351 4697 1519 4779 μνήστορες
1542 4695 1608 4760 icta
1629 4721 1693 4778 μοι.

437 4853 480 4922 11)
499 4853 531 4907 cl.
551 4854 648 4908 Aesch.
674 4853 745 4924 Sept.
769 4855 821 4911 836
844 4857 895 4907 τάν
918 4852 1016 4922 ἀστιβῆ
1034 4852 1187 4917 Ἀπόλλωνι,
1214 4855 1265 4906 τάν
1284 4853 1403 4918 ἀνάλιον,
1423 4857 1494 4925 quod
1515 4872 1596 4925 quam
1615 4856 1704 4924 inepta
1723 4853 1756 4908 ab
1775 4853 1908 4908 hlrrensio
1927 4855 1955 4906 et
1972 4852 2082 4906 Prienio
2102 4853 2130 4906 in

328 4940 426 5010 ἀστιβῆ
446 4943 551 4994 Ναιῶνι
571 4947 728 5012 corruptum
748 4945 857 5001 sitnon
876 4949 919 5000 est
937 4961 985 5000 our
1003 4945 1100 5015 dicam,
1119 4944 1228 5000 similia.

437 5033 479 5102 12)
499 5034 530 5086 ui
547 5031 619 5101 apud
638 5029 715 5084 Pind.
736 5032 777 5086 Ol.
796 5033 833 5100 II,
853 5035 884 5086 71
906 5034 978 5103 (127)
997 5038 1078 5092 νᾶσος
1097 5031 1253 5104 ὢΙκεανίδες,
1273 5033 1332 5088 alita
