4782 5920
957 1132 1308 1254 Aeschyleo.

334 1407 524 1522 Inquirenti
551 1437 629 1500 mihi
658 1439 775 1502 iterum
804 1443 901 1520 atque
929 1441 1056 1522 saepius
1080 1441 1114 1501 in
1137 1437 1293 1522 plurimas
1316 1441 1483 1520 poetarum
1508 1435 1701 1499 Graecorum
1725 1435 1901 1519 tragoedias
1931 1437 2032 1518 magis

228 1548 394 1630 magisque
416 1544 627 1627 persuadetur
648 1543 862 1608 Thebanam
886 1545 1070 1626 Aeschyli
1093 1544 1260 1608 fabulam
1293 1543 1420 1627 dignam
1449 1563 1520 1608 esse
1542 1543 1732 1627 putandam,
1762 1561 1843 1625 quae
1867 1541 2032 1625 discipulis

227 1656 402 1737 primorum
431 1652 593 1734 gymnasii
621 1650 771 1714 ordinum
798 1651 1035 1734 interpretanda
1061 1657 1270 1734 proponatur,
1304 1651 1421 1733 quippe
1447 1651 1483 1713 in
1510 1670 1575 1733 qua
1602 1668 1666 1712 non
1695 1650 1834 1712 minores
1861 1656 2033 1731 appareant

227 1761 362 1822 virtutes
383 1777 479 1840 quam
498 1757 533 1820 in
552 1759 665 1820 ceteris
684 1777 766 1840 quae
784 1760 819 1822 in
837 1759 1006 1842 gymnasio
1025 1763 1201 1821 tractamur
1218 1755 1361 1820 eiusdem
1386 1755 1595 1820 carminibus:
1621 1774 1685 1838 quo
1708 1756 1743 1817 in
1766 1773 1900 1817 numero
1919 1753 2033 1818 Persas

226 1866 432 1949 potissimum
465 1869 496 1926 et
519 1863 708 1927 Promethea
739 1866 880 1928 nomino.
930 1865 979 1927 Ac
1007 1865 1033 1927 si
1062 1865 1116 1927 cui
1142 1863 1173 1926 id
1202 1882 1296 1928 secus
1323 1861 1496 1944 videbitur,
1523 1865 1551 1927 is
1579 1861 1719 1926 conferat
1746 1861 1802 1924 has
1831 1880 1910 1943 quas
1938 1859 2033 1923 modo

229 1972 414 2034 dixeramus
438 1971 592 2052 Aeschyli
615 1969 792 2052 tragoedias
816 1989 892 2032 cunr
915 1988 953 2033 ea
976 1989 1058 2053 quae
1080 1968 1266 2032 inscribitur
1284 1968 1412 2052 Septem
1430 1977 1540 2033 contra
1557 1968 1692 2034 Thebas:
1717 1975 1787 2032 tum
1804 1967 1889 2030 facili
1906 1968 2033 2049 negotio

228 2083 346 2141 statuet
364 2079 523 2160 propriam
544 2076 704 2159 quandam
724 2078 823 2140 unius
842 2079 1002 2160 cuiusque
1020 2077 1133 2139 harum
1152 2075 1330 2139 tabularum
1350 2094 1420 2140 esse
1442 2075 1582 2140 indolem
1606 2096 1643 2140 ac
1665 2081 1821 2156 naturam,
1845 2093 1926 2156 quae
1949 2093 2033 2137 com·

226 2185 331 2268 parari
359 2203 434 2248 cum
462 2185 575 2247 ceteris
603 2201 669 2245 non
697 2184 810 2266 possit,
834 2183 889 2247 sed
912 2202 983 2248 esse
1005 2182 1174 2262 nonnulla,
1202 2180 1321 2265 quibus
1343 2181 1490 2246 Thebana
1512 2182 1567 2245 illa
1589 2173 1694 2245 iabhla
1717 2181 1849 2264 reliquis
1872 2179 2034 2263 aliquanto

228 2291 402 2355 antecellat

334 2397 463 2460 Etenim
490 2397 524 2458 iu
548 2395 717 2460 Persarum
746 2397 853 2461 fabula
874 2398 1081 2460 vehementer
1103 2395 1176 2460 licet
1198 2397 1362 2479 ingenium
1387 2395 1543 2476 Aeschyli
1566 2396 1742 2476 admireris,
1765 2393 1851 2478 quod
1874 2394 2032 2458 inauditas

228 2503 395 2567 Medorum
420 2502 612 2568 calamitates
636 2503 744 2566 divino
769 2504 904 2586 quodam
926 2503 1057 2566 consilio
1081 2502 1234 2565 accidisse
1256 2502 1402 2585 probavit
1423 2509 1550 2586 propter
1568 2501 1689 2566 Xerxis
1711 2503 1796 2584 regis
1821 2520 1979 2564 summam
2003 2509 2034 2564 et

228 2611 262 2672 in
300 2608 397 2672 rebus
434 2610 583 2672 humanis
622 2607 803 2692 superbiam
836 2609 1102 2690 insolentiamque
1134 2614 1166 2671 et
1197 2626 1271 2692 erga
1303 2608 1379 2673 deos
1412 2628 1589 2692 eorumque
1622 2608 1740 2692 templa
1770 2609 1964 2691 impietatem
1997 2629 2033 2672 ao

230 2717 407 2780 saevitiam:
441 2723 548 2779 tamen
576 2716 603 2778 si
636 2715 693 2778 tibi
719 2717 754 2777 in
781 2716 969 2778 memoriam
996 2715 1193 2778 revocaveris
1222 2714 1261 2778 ab
1289 2715 1401 2780 eodem
1429 2718 1463 2780 in
1486 2715 1632 2782 Thebana
1659 2713 1766 2778 fabula
1794 2715 1869 2777 hinc
1895 2713 2032 2778 Thebani

229 2809 319 2886 ducis
346 2823 478 2906 proponi
506 2824 672 2902 virtutem,
705 2823 928 2902 constantiam,
959 2820 1125 2903 fiduciam,
1150 2821 1238 2885 illinc
1264 2823 1404 2887 hostium
1433 2825 1556 2887 animos
1584 2821 1719 2887 audaces
1746 2827 1842 2905 atque
1871 2822 2035 2905 superbos,

229 2930 359 3012 impiam
388 2929 548 3012 quandam
577 2928 806 3010 barbaramque
832 2928 1030 3006 iactantiam,
1058 2929 1091 2991 in
1119 2937 1255 3011 utraque
1283 2930 1397 2993 harum
1424 2928 1604 2993 fabularum
1632 2930 1786 2992 contineri
1813 2948 1880 2991 non
1903 2930 2034 3013 negabis

229 3035 362 3100 eandem
393 3035 458 3100 fere
491 3035 670 3117 religiosam
698 3036 928 3098 sententiarum
955 3036 1150 3116 gravitatem.
1210 3034 1271 3098 Sed
1306 3055 1348 3099 ne
1385 3036 1511 3120 singula
1542 3036 1692 3120 persequi
1723 3035 1902 3117 videamur,
1934 3038 2036 3101 multa

227 3147 388 3224 praetereo
412 3141 570 3222 consulto,
593 3141 713 3224 quibus
736 3140 818 3204 hanc
840 3139 980 3204 tabulam
1004 3143 1116 3205 ceteris
1139 3149 1297 3224 praestare
1320 3161 1413 3207 nemo
1433 3149 1481 3208 est
1500 3144 1557 3225 qui
1575 3147 1678 3224 neget,
1701 3143 1879 3206 carminum
1899 3145 2034 3207 eximio-

228 3268 301 3311 rum
329 3249 416 3310 varia
443 3257 475 3312 et
503 3247 626 3312 diversa
653 3267 786 3332 genera,
814 3265 896 3328 quae
923 3247 1121 3311 luculentius
1148 3249 1304 3332 explicare
1332 3251 1477 3334 angustis
1505 3250 1562 3332 qui
1585 3255 1661 3312 sunt
1683 3249 1782 3312 hrrius
1806 3248 2035 3314 dissertationis

228 3354 346 3418 finibus
377 3354 583 3438 impedimur,
615 3355 831 3439 episodiorum
860 3354 1035 3437 singularia
1061 3356 1266 3438 maximeque
1293 3356 1421 3420 laudata
1449 3353 1603 3436 diverbia,
1635 3373 1775 3437 quorum
1808 3361 1856 3420 est
1887 3356 1967 3420 illud
1996 3357 2034 3421 de

190 3491 198 3500 ·
231 3467 350 3542 septem
370 3461 488 3524 ducum
507 3461 636 3545 paribus
655 3462 749 3546 longe
771 3461 1035 3545 manffissimum3
1061 3462 1145 3544 quod
1165 3471 1284 3545 quanto
1304 3465 1345 3527 sit
1362 3465 1483 3548 ingenii
1501 3465 1649 3526 acumine
1668 3464 1892 3546 excogitatum,
1916 3473 2035 3545 quanta

231 3566 264 3625 in
292 3565 387 3628 rebus
415 3567 642 3651 componendis
670 3569 872 3631 accuratione
900 3571 1106 3647 exornatum,
1133 3575 1252 3651 quanto
1280 3572 1431 3634 orationis
1460 3579 1611 3654 apparatu
1639 3569 1820 3650 excultum,
1852 3577 1972 3652 quanto
2001 3572 2033 3631 in

233 3669 369 3752 singulis
390 3669 536 3734 versibus
564 3680 634 3754 apte
658 3672 863 3754 disponendis
890 3669 1021 3733 artificio
1048 3674 1239 3754 expohtum,
1265 3695 1340 3740 cum
1367 3679 1468 3761 magis
1497 3697 1538 3742 ex
1561 3676 1723 3760 Sophoclis
1735 3679 1755 3756 ¹)
1783 3685 1815 3740 et
1837 3675 2000 3759 Euripidis
2009 3677 2034 3754 ²)

232 3777 434 3839 contentione
467 3796 562 3858 quam
594 3777 702 3860 ipsum
734 3797 791 3861 per
818 3795 852 3841 se
880 3783 1100 3858 cognoscatur,
1131 3779 1182 3842 hic
1209 3784 1392 3863 perquirere
1419 3784 1551 3867 longum
1579 3791 1636 3847 est.
1685 3782 1756 3846 Hoc
1788 3802 1892 3846 unum
1923 3783 2034 3865 paucis

231 3901 458 3964 commemoro,
484 3883 568 3947 haud
595 3905 730 3969 parvum
760 3886 843 3949 inter
870 3885 1045 3967 Phryniohi
1073 3891 1105 3948 et
1127 3886 1278 3968 Aeschyli
1303 3889 1417 3955 Persas
1444 3893 1479 3954 in
1507 3909 1543 3954 eo
1567 3891 1706 3973 positum
1730 3889 1831 3954 fuisse
1854 3890 2036 3968 discrimen,

231 3991 317 4072 quod
349 3990 404 4054 ille
426 3989 644 4055 Themistoclis
672 3994 797 4076 egregia
824 3993 920 4073 iacta,
951 3993 1004 4056 hic
1026 3992 1175 4056 Aristidis
1204 3995 1318 4060 maluit
1343 3998 1531 4082 praedicare.
1577 3997 1679 4080 Atqui
1707 3998 1780 4079 quis
1813 4001 1862 4060 est
1888 3997 1942 4059 cui
1968 4015 2033 4059 non

229 4105 306 4160 nota
333 4099 375 4160 sit
398 4097 562 4162 Plutarchi
570 4099 593 4178 ³)
622 4098 660 4161 de
682 4099 823 4163 Aristide
849 4100 1102 4163 narratiuncula:
1131 4119 1205 4164 cum
1233 4121 1347 4167 versus
1375 4105 1423 4167 illi
1447 4104 1485 4168 de
1508 4103 1701 4187 Amphiarao
1725 4103 1883 4166 tritissimi
1906 4103 2034 4182 (Aesoh.

230 4203 313 4286 Sept.
340 4205 403 4266 573
428 4224 495 4287 sqq.
519 4201 635 4283 οὐγὰρ
657 4203 757 4266 δοκεῖν
780 4204 915 4284 ἄριστος,
944 4207 1011 4266 ἀλλ’
1040 4205 1120 4268 εἶναι
1142 4211 1225 4270 θέλει
1246 4210 1321 4294 κτλ.)
1344 4212 1378 4274 in
1402 4229 1496 4276 scena
1519 4212 1734 4291 recitarentur,
1755 4208 1864 4272 oculos
1888 4210 2033 4272 omnium

230 4329 402 4374 conversos
429 4329 500 4374 esse
527 4312 561 4373 in
588 4310 679 4380 illum
709 4310 886 4386 hominem,
915 4313 972 4395 qui
999 4314 1084 4377 inter
1105 4317 1319 4381 Athenienses
1348 4318 1441 4402 longe
1468 4319 1665 4381 iustissimus
1693 4317 1929 4380 existimaretur
1956 4335 2035 4396 esse,
2118 4297 2125 4308 ¹

230 4436 326 4500 quem
352 4416 480 4499 quidem
505 4427 536 4480 et
557 4418 626 4500 ipse
644 4417 826 4498 Aeschylus
849 4437 906 4501 per
928 4419 1099 4484 verborum
1123 4423 1268 4508 ambages
1287 4423 1502 4507 (Ἀριστιείδης
1519 4449 1564 4480 =
1582 4422 1706 4504 ἄριστος
1728 4419 1838 4502 δοκεῖν)
1858 4421 2034 4487 describere

229 4524 372 4588 voluisse
394 4522 480 4586 haud
504 4525 568 4586 seio
592 4543 631 4586 an
656 4529 741 4588 recte
763 4524 927 4608 putandus
951 4527 999 4590 sit.
1045 4527 1159 4594 Nonne
1181 4532 1280 4615 igitur
1302 4531 1354 4595 vel
1376 4529 1450 4594 inde
1473 4530 1622 4594 facillime
1650 4529 1840 4614 perspicitur
1871 4528 1910 4593 ab
1933 4531 2033 4594 homi·

229 4630 337 4712 mbae,
367 4632 423 4713 qui
450 4631 563 4713 priscis
590 4630 654 4694 illis
682 4630 880 4715 temporibus
908 4631 1052 4717 luerunt,
1079 4637 1279 4718 iustissimis,
1306 4638 1500 4718 fortissimis
1528 4636 1793 4702 constantissimis
1815 4636 1901 4701 haud
1923 4638 2032 4700 minus

229 4737 368 4801 dilucida
400 4742 497 4819 atque
529 4736 742 4820 significantia
774 4739 859 4802 sumi
893 4741 1039 4824 exempla
1070 4763 1164 4827 posse
1196 4765 1294 4828 quam
1323 4743 1362 4808 ab
1385 4744 1674 4808 illustrissimorum
1703 4744 1834 4824 civium,
1867 4763 1949 4827 quos
1972 4745 2033 4826 ipsi

229 4845 384 4925 videmus,
407 4843 504 4907 rebus
527 4845 644 4927 optime
666 4845 786 4928 gestis?

335 5039 361 5106 1)
380 5037 504 5108 Sophocl.
525 5037 588 5093 Oed.
608 5037 662 5092 Col.
685 5038 867 5094 1311-1325.
1031 5043 1057 5107 2)
1076 5043 1168 5113 Eurip.
1188 5043 1288 5099 Phoan.
1311 5042 1456 5098 lca-192.
1617 5043 1644 5110 3)
1663 5041 1801 5097 Plutarch.
1818 5043 1850 5096 de
1865 5042 1926 5096 and.
1946 5042 2033 5111 politia

229 5141 254 5192 p.
274 5124 307 5178 32
326 5123 348 5178 Ε
366 5129 393 5181 et
411 5127 459 5182 vit.
488 5127 617 5182 Aristidis
636 5141 692 5196 cap.
711 5125 761 5182 111.

1805 5222 1816 5273 l
