4782 5920
929 394 1380 456 *27—

252 591 387 676 quodam
412 589 542 654 55551115
565 589 640 652 lecit
663 588 743 652 duro
768 588 939 652 admodum
964 589 1174 672 5115555515
1195 588 1320 653 dicendi
1338 609 1454 673 genere
1476 591 1562 674 ipsas
1581 609 1633 654 155
1650 593 1897 674 renuntiantem,
1919 593 1953 656 id
1972 593 2058 677 quod

251 718 291 762 51
319 698 429 762 551115
458 697 528 760 51115
556 715 638 780 quae
666 695 842 760 afferuntur
870 694 1020 758 molestae
1048 694 1134 758 illius
1163 695 1335 760 verborum
1363 697 1559 780 repetitionis
1593 698 1748 781 exemplis
1779 699 1938 782 probatur,
1969 701 2058 764 15151

249 807 325 887 βίαν
354 805 425 868 550.
451 793 523 866 5521
549 803 626 884 558,
649 801 759 882 χθόνα
789 803 861 865 568.
891 802 969 884 569,
996 804 1210 884 προσίσταται.
1233 804 1398 880 ἐφίσταται
1427 803 1499 866 518.
1526 804 1603 882 519,
1630 803 1746 887 τρόπον
1775 807 1850 887 444,
1873 806 1947 887 446,
1976 825 2058 889 quae

251 913 320 976 5155
353 911 421 974 5115
452 927 565 974 caussa
592 908 630 972 ab
658 908 832 973 editoribus
859 909 892 972 in
922 909 1137 993 suspicionem
1165 915 1328 973 vocantur.
1378 910 1416 973 Id
1448 930 1553 975 unum
1580 909 1698 974 Wolfio
1730 913 1969 976 concedendum
1999 914 2059 977 erit

250 1017 450 1098 Aeschylum
472 1036 537 1080 non
560 1015 598 1079 ad
622 1035 690 1080 eam
716 1015 947 1100 neglegentiam
969 1035 1173 1100 progressum
1197 1035 1276 1097 esse,
1301 1021 1335 1080 51
1358 1016 1438 1080 (1555
1462 1017 1589 1080 1115515
1612 1037 1663 1079 11.
1689 1017 1750 1080 361
1776 1025 1807 1082 51
1831 1020 1895 1082 374
1914 1019 2058 1084 eiusdem

251 1127 297 1188 rei
325 1125 574 1208 comparationes
601 1124 635 1186 15
663 1122 774 1186 eadem
802 1121 938 1186 (11511555
966 1121 1005 1185 511
1032 1122 1144 1187 eodem
1173 1123 1286 1185 nuntio
1310 1124 1445 1206 proponi
1468 1123 1572 1188 vellet.
1618 1127 1663 1188 At
1685 1143 1759 1188 vero
1783 1125 2059 1190 considerantibus

251 1230 355 1312 nobis,
372 1237 446 1296 utra
458 1231 571 1296 harum
592 1229 743 1309 deleatur,
763 1229 840 1292 haec
859 1229 947 1312 prior
964 1229 1127 1310 servanda,
1146 1229 1302 1311 posterior
1321 1229 1499 1294 damnanda
1517 1230 1651 1294 videtur.
1689 1230 1770 1295 Nam
1791 1231 1888 1296 altera
1912 1232 1950 1296 de
1974 1251 2057 1315 equo

252 1338 443 1422 comparatio
464 1331 575 1401 detrita
594 1342 651 1416 est,
673 1337 750 1400 haec
767 1337 852 1419 prior
871 1335 910 1400 de
929 1334 1058 1419 dipsade
1078 1335 1181 1399 medio
1205 1335 1271 1400 sole
1289 1341 1420 1419 perusta
1438 1336 1538 1400 multo
1558 1338 1749 1420 exquisitior
1768 1339 1907 1402 maxime
1926 1339 2059 1422 quadrat

252 1443 284 1505 in
309 1443 396 1507 huno
418 1443 534 1525 locum,
557 1444 675 1527 551555
699 1462 764 1526 555
782 1463 909 1506 summa
927 1442 1085 1527 cupiditas
1102 1442 1242 1506 hominis
1264 1461 1404 1526 pugnam
1425 1443 1568 1507 ardenter
1587 1444 1723 1508 sitientis
1742 1444 1926 1509 declaretur.
1964 1444 2059 1522 Quod

253 1549 379 1614 Peleius
394 1552 453 1614 etsi
469 1549 549 1614 bene
558 1549 727 1630 intellexit,
745 1555 851 1614 tamen
866 1550 947 1613 nihil
961 1550 1097 1614 removit
1111 1549 1173 1612 nisi
1192 1548 1273 1612 duos
1291 1567 1413 1628 versus,
1437 1548 1554 1632 quibus
1572 1550 1641 1633 ipsa
1660 1552 1850 1634 comparatio
1870 1553 2060 1635 continetur,

254 1658 316 1718 374
340 1663 371 1719 51
395 1657 468 1736 375,
491 1665 523 1720 51
545 1657 628 1720 idem
653 1658 817 1741 proximos
842 1675 971 1740 quoque
996 1655 1158 1720 secludere
1180 1662 1312 1738 poterat.
1349 1655 1433 1720 Nam
1456 1674 1529 1719 oum
1553 1656 1645 1740 51555
1668 1657 1778 1722 eadem
1798 1657 1953 1740 dicantur,
1976 1679 2058 1742 qnae

252 1771 343 1826 55155
364 1763 428 1826 iam
453 1762 536 1828 dicta
559 1771 649 1827 sunt:
673 1762 779 1844 μάχης
803 1765 888 1844 ἐρῶν,
912 1762 1030 1845 5511155
1049 1759 1154 1825 verbis
1172 1767 1361 1846 repetuntur
1379 1781 1416 1827 ea
1435 1781 1517 1846 5555
1535 1763 1727 1828 antecedunt
1745 1764 1847 1828 multo
1867 1764 2059 1849 elegantiora

249 1867 355 1950 μάχης
373 1867 567 1950 λελιμμένος,
590 1873 653 1950 βοᾷ
676 1875 708 1932 51
729 1871 806 1950 βοᾷ,
834 1869 908 1948 παρ’
936 1867 1050 1949 ὄχθαις
1077 1875 1247 1949 ποταμίαις
1270 1875 1302 1932 51
1325 1868 1421 1950 πόρον
1447 1867 1473 1927 δ’
1499 1867 1643 1951 Ἰσμηνὸν
1664 1871 1722 1930 οὐκ
1745 1873 1782 1945 έᾷ
1806 1874 1917 1952 περᾶν,
1946 1872 2058 1955 quidni

249 1976 323 2060 plus
352 1996 448 2059 quam
478 1975 558 2039 duos
586 1975 658 2039 illos
685 1993 799 2039 versus
825 1975 905 2038 15155
934 1977 1137 2060 interpositos
1160 1977 1338 2060 opinemur,
1365 1977 1549 2058 praesertim
1576 1995 1651 2040 cum
1678 1976 1854 2041 1511151115
1877 1981 2060 2060 πρέσβιστον

251 2081 382 2164 ἄστρων,
407 2081 514 2150 νυκτὸς
538 2079 705 2162 ὀφθαλμός
728 2081 767 2144 ab
790 2081 953 2144 511511115
976 2081 1073 2146 151155
1097 2082 1310 2146 describendis
1334 2081 1535 2166 simplicitate
1559 2082 1724 2147 abhorrere
1753 2083 1936 2166 videantur,
1964 2086 2057 2150 ouius

250 2192 294 2253 151
319 2191 539 2254 testimonium
560 2189 695 2252 15115555
717 2190 750 2250 15
775 2188 893 2252 55115115
918 2187 1058 2252 Μ5111555
1081 2189 1171 2270 15151,
1198 2188 1255 2252 ubi
1278 2188 1316 2252 ad
1341 2209 1370 2251 1.
1396 2190 1459 2253 370
1484 2193 1516 2250 ἐν
1538 2191 1579 2264 τῷ
1596 2192 1681 2270 μέσῳ
1705 2192 1760 2250 τοῦ
1782 2188 1898 2257 σάκους
1920 2191 2058 2276 51155115-

251 2303 321 2358 1115
344 2295 450 2370 1151155,
474 2296 558 2379 quod
582 2297 726 2380 ineptum
750 2300 843 2377 esset,
866 2296 893 2359 51
917 2298 1055 2376 ἐνμέσῳ
1077 2295 1169 2355 σάκει
1192 2295 1266 2358 5115
1291 2295 1450 2380 legeretur
1472 2315 1509 2360 ac
1530 2315 1596 2359 non
1619 2298 1753 2376 ἐνμέσῳ
1776 2298 1902 2374 riperta?

358 2402 447 2478 Quae
470 2405 496 2466 51
521 2411 605 2467 15515
628 2403 788 2486 disputata
810 2407 896 2483 sunt,
919 2401 1004 2466 haud
1027 2422 1124 2486 55115
1148 2403 1274 2466 exsistit
1297 2404 1437 2486 suspicio
1462 2403 1499 2466 (15
1521 2407 1681 2486 55511555
1703 2403 1824 2485 primae
1842 2407 2059 2488 responsionis

251 2515 347 2594 parte.
383 2509 495 2604 115555
519 2529 600 2593 5555
623 2507 953 2573 sersusRitsohelius
977 2527 1041 2571 non
1066 2528 1125 2572 suo
1149 2509 1218 2572 loeo
1242 2527 1312 2572 esse
1336 2509 1906 2592 551155(155555115111396-397,
1929 2512 2058 2576 eosdem

252 2636 307 2700 515
336 2618 454 2699 5551115
482 2616 596 2682 habere
621 2637 716 2699 quam
741 2615 801 2680 alio
824 2615 892 2678 loco
916 2617 1056 2679 inserere
1078 2615 1249 2698 malemus,
1276 2621 1387 2700 utpote
1411 2616 1467 2700 qui
1490 2635 1531 2680 ne
1554 2616 1615 2700 ipsi
1640 2615 1767 2699 quidem
1794 2618 1863 2680 sine
1886 2616 2059 2682 offensione

253 2724 323 2786 sint.
361 2722 441 2786 Nam
462 2743 535 2787 cum
555 2730 647 2787 antea
666 2723 704 2788 (15
722 2722 822 2786 Μ5115
846 2741 1005 2785 5555155
1029 2721 1154 2804 arbitro,
1177 2724 1232 2806 qui
1255 2723 1343 2806 genti
1366 2722 1551 2806 Spartorum
1576 2727 1765 2806 pepercerat,
1789 2727 1820 2787 et
1843 2723 1881 2787 de
1900 2721 1978 2786 Dice
2002 2723 2060 2788 dea

252 2831 489 2914 consanguinea
516 2839 640 2914 agatur,
667 2849 733 2894 non
760 2849 933 2913 possumus
956 2831 1099 2913 assequi,
1128 2828 1396 2926 quemadmodum
1426 2827 1554 2914 τεκούσῃ
1582 2830 1680 2908 μητρί
1705 2828 1744 2892 (15
1770 2830 1871 2912 551115
1896 2831 2059 2894 5555551

252 2939 395 3001 555155
418 2943 546 3022 5515515
571 2937 706 3014 dicatum
731 2935 846 3000 deinde
868 2935 947 3000 illud
970 2935 1071 3016 κάρτα
1095 2943 1167 3020 5551
1189 2937 1288 3000 55155
1311 2955 1423 3000 151555
1447 2935 1651 2999 intervallum
1676 2934 1715 2998 ab
1735 2934 1861 3000 Eteocle
1878 2955 1953 3021 rege
1971 2956 2059 3021 1555-

250 3046 342 3108 titum
372 3044 464 3108 valde
492 3043 645 3126 displicet.
694 3041 793 3125 Quid,
822 3043 906 3126 qued
933 3063 962 3105 v.
988 3044 1051 3107 393
1080 3045 1219 3124 αἰσχρῶν
1245 3040 1305 3122 γάρ
1333 3041 1440 3123 ἀργός,
1466 3041 1513 3122 μὴ
1541 3040 1638 3110 κακός
1666 3041 1691 3101 δ’
1722 3041 1802 3102 εἶναι
1831 3045 1912 3120 φιλεῖ
1939 3047 2058 3108 tantam

250 3151 344 3216 habet
376 3153 588 3230 ieiunitatem,
623 3155 775 3234 quantam
808 3149 847 3213 ab
875 3151 1036 3232 Aeschylo
1070 3151 1189 3235 optimo
1220 3151 1291 3212 iure
1323 3147 1534 3231 abiudicabis,
1571 3168 1676 3232 neque
1709 3168 1758 3231 ea,
1796 3169 1878 3233 quae
1914 3151 2059 3234 proxime

250 3258 454 3340 antecedunt,
477 3258 643 3338 στιγσῦνθ·
670 3257 865 3337 ὑπέρφρονας
886 3255 994 3338 λόγους
1026 3263 1099 3341 5515
1126 3275 1196 3320 esse
1218 3255 1389 3320 videntur?
1435 3255 1517 3318 Nam
1546 3275 1651 3339 usque
1675 3255 1778 3319 adhuc
1800 3257 1835 3318 15
1857 3254 1963 3337 Tydeo
1994 3257 2059 3320 sola

251 3365 407 3447 cupiditas
430 3365 592 3448 pugnandi
617 3363 808 3446 illustratur,
836 3383 917 3448 quae
940 3383 981 3428 ne
1004 3370 1114 3427 15155
1139 3363 1268 3447 quidem
1293 3361 1561 3426 admonitionibus
1584 3364 1753 3444 retinetur,
1781 3362 1836 3426 sed
1863 3361 1947 3442 λόγοι
1971 3363 2059 3444 ὑπέρ·

252 3491 369 3547 (speres,
392 3471 430 3534 ad
455 3492 536 3554 quos
559 3471 637 3534 haec
659 3471 755 3535 verba
777 3473 962 3555 interposita
986 3476 1126 3554 spectare
1148 3469 1308 3550 videntur,
1330 3471 1364 3532 in
1387 3469 1543 3554 proximis
1571 3468 1698 3533 demum
1728 3469 1834 3532 nuntii
1862 3469 2058 3533 orationibus

253 3577 462 3640 inveniuntur
485 3577 523 3640 de
547 3577 691 3660 Capaneo
716 3585 757 3658 (v.
782 3581 847 3641 424
876 3576 953 3652 Ζηνὶ
977 3578 1158 3658 κυμαίνοντ’
1188 3574 1275 3660 ἔπη),
1303 3577 1341 3640 de
1365 3575 1495 3640 Eteocle
1519 3579 1559 3656 (1.
1584 3576 1648 3637 450
1672 3576 1712 3643 ὡς
1734 3575 1798 3637 οὐδ’
1830 3575 1872 3635 ἂν
1893 3573 1983 3655 Ἄρης
2006 3578 2055 3654 σφ’

253 3681 377 3762 ἐκβάλοι
401 3681 621 3764 πυργωμάτων,
646 3684 683 3747 de
707 3683 943 3768 Parthenopaeo
967 3681 1010 3764 (V.
1035 3683 1096 3745 511
1123 3675 1143 3757 ἦ
1164 3681 1231 3763 μὴν
1252 3681 1401 3756 λαπάξειν
1423 3681 1504 3742 άστυ
1526 3679 1694 3762 Καδμείων
1714 3685 1771 3764 βίᾳ
1795 3681 1885 3760 Διός).

361 3790 388 3850 7.
413 3786 516 3864 Quare
540 3811 736 3875 quamquam
759 3791 819 3855 hac
843 3791 913 3854 data
937 3791 1101 3854 oomsione
1124 3808 1183 3853 nec
1206 3791 1314 3853 omnia
1336 3788 1375 3853 ad
1398 3795 1520 3854 551155
1544 3790 1703 3872 quendam
1722 3789 1819 3854 finem
1838 3789 2060 3872 perducuntur

254 3915 311 3958 555
340 3898 470 3960 555155
497 3898 627 3980 perduoi
655 3917 748 3982 posse
772 3898 934 3979 videntur,
962 3898 989 3961 si
1018 3915 1071 3962 eas
1100 3917 1181 3979 quas
1208 3897 1357 3980 proposui
1385 3898 1524 3960 rationes
1546 3896 1726 3979 sequendas
1750 3914 1820 3959 esse
1843 3913 1965 3974 555555,
1993 3913 2058 3958 555

253 4004 320 4066 5155
344 4003 450 4086 aliqua
474 4004 540 4066 1511
565 4005 774 4069 similitudine
797 4005 857 4068 hoo
880 4004 1060 4089 episodinm
1083 4005 1117 4066 in
1140 4004 1227 4067 hunc
1250 4002 1381 4066 modum
1406 4002 1572 4085 disponere
1595 4002 1743 4066 audebis:

550 4112 813 4173 ΗΜΙΧΟΡῙΟΝ
1502 4107 1769 4171 ΗΜΙΧΟΡῙΟΝ

340 4215 427 4276 ὄτοι
450 4215 615 4291 κατόπτης,
639 4218 679 4285 ὡς
702 4217 771 4298 ἐμοὶ
794 4217 884 4288 δοκεῖ,
908 4221 1043 4297 στρατοῦ
1081 4218 1144 4280 350
1251 4215 1395 4296 καὶμὴν
1418 4215 1499 4290 ἄναξ
1521 4216 1566 4277 ὅδ’
1592 4215 1694 4288 αὑτός,
1720 4215 1848 4277 Οίδέπου
1871 4213 1969 4284 τόκος,

296 4323 402 4382 πευθώ
422 4325 477 4383 τιν’
504 4325 589 4406 ἡμίν,
612 4316 749 4401 equor,
774 4327 848 4385 νέαν
869 4329 962 4404 φέρει,
1207 4322 1264 4384 εῖσ’
1291 4324 1471 4404 ἀρτίκολλον
1494 4325 1623 4404 ἀγγέλου
1644 4323 1735 4402 λόγον
1756 4323 1885 4402 μαθεῖν.

295 4428 434 4514 σπουδῇ
457 4429 574 4490 διώκων
597 4433 775 4512 πομπίμους
793 4429 893 4510 χνόας
917 4429 1043 4492 ποδῶν.
1207 4427 1350 4502 σπουδὴ
1373 4427 1402 4490 δέ
1426 4428 1481 4490 καὶ
1499 4429 1580 4491 τοῦδΙ
1602 4432 1659 4492 οὐκ
1679 4431 1838 4510 ἀπαρτίζει
1856 4426 1959 4490 πόδα.
1994 4429 2058 4492 355

952 4537 1170 4600 ΑΓΓΕΛΟΣ.
1195 4535 1359 4618 (προῳδόε.)

821 4647 937 4725 λέγοιμ’
964 4645 1005 4706 άν
1027 4643 1111 4712 εἰδὼς
1133 4637 1167 4705 εὖ
1190 4643 1229 4704 τά
1254 4645 1314 4702 τῶν
1337 4645 1491 4714 ἐναντίων,

822 4749 862 4818 ὥς
885 4751 910 4810 τ’
936 4756 969 4812 έν
992 4749 1101 4818 πόλαις
1123 4749 1253 4818 ἕκαστος
1275 4752 1394 4830 εἴληχεν
1417 4750 1522 4811 πάλον.

410 4860 433 4916 I.
457 4857 500 4918 Α.
524 4855 607 4938 (ΛΓ
603 4859 637 4917 Γ
633 4858 766 4938 ΕΛΟΣ.)
791 4855 936 4938 (Τυδεύς.)
1079 4859 1143 4921 358
1346 4861 1371 4919 1.
1396 4857 1447 4918 A'.
1484 4855 1703 4918 ΑΓΓΕΛΟΣ.
1727 4855 1926 4936 (Καπανεὺςι)

342 4963 453 5030 Τυδεὺς
474 4968 534 5045 μὲν
557 4963 614 5039 ἤδη
638 4961 712 5044 πρὸς
735 4964 862 5025 πύλαισι
886 4965 1048 5046 Προιτίσιν
1253 4964 1348 5039 τούτῳ
1369 4969 1429 5045 μὲν
1450 4961 1545 5030 οὕτως
1567 4964 1704 5042 εὐτυχεῖν
1726 4961 1807 5023 δοῖεν
1828 4964 1905 5022 θεοί.
1993 4961 2057 5024 403

294 5073 409 5152 βρέμει,
433 5072 530 5152 πόρον
551 5069 577 5130 δ’
603 5069 748 5151 Ἰσμηνόν
770 5072 828 5132 οὐκ
851 5075 888 5146 ἐᾷ
911 5074 1009 5152 περᾶν
1209 5069 1379 5138 Καπανεός
1401 5069 1427 5129 δ’
1454 5071 1501 5130 ἐπ’
1526 5071 1739 5150 Ἠλέκτραισιν
1761 5071 1881 5148 εἴληχεν
1904 5067 2022 5137 πάλαις,

1808 5173 1845 5226 4*
