4782 5920
925 405 1064 412 .--
1111 369 1129 432 9
1176 407 1237 412 m
1255 407 1333 412 --

639 560 741 642 αὑτάρ
764 560 820 640 ἐγὼ
843 560 897 622 καὶ
921 560 1025 624 ἔπειτα
1048 562 1274 644 μαχήσομαι
1296 567 1398 624 εἵνεκα
1422 567 1530 638 ποινῆς

639 662 719 730 αὖθι
740 671 851 750 μένων,
873 667 933 742 ἥως
956 692 989 731 κε
1014 672 1112 736 τέλος
1136 672 1313 750 πολέμοιο
1336 670 1497 748 sigenam)

214 781 355 847 Verbum
385 785 492 844 autem
522 775 760 841 substantivum
789 779 866 846 ἐστί,
893 777 1054 859 siquidem
1082 776 1113 839 id
1142 776 1270 859 dicitur,
1299 775 1383 860 qnod
1411 794 1524 839 verum
1548 795 1749 841 assererem
1774 781 2022 862 experientiaet

212 890 390 954 observatio
421 884 569 950 omnibus
596 883 756 968 probavit,
783 903 824 947 ex
846 883 975 967 linguae
997 902 1127 967 graecae
1150 882 1382 948 consuetudine
1405 888 1436 946 et
1460 902 1522 946 usu
1545 884 1721 948 rectissime
1745 885 1901 949 omittitur
1923 886 2022 970 idque

211 998 272 1060 hoc
299 997 369 1060 loco
399 1013 436 1057 eo
463 993 579 1076 magia,
606 992 693 1074 qnod
720 991 806 1055 idem
834 989 1040 1054 statuendum
1068 995 1115 1054 est
1142 989 1181 1054 de
1209 1009 1246 1054 ea
1270 1006 1399 1073 quoque
1423 1007 1505 1070 quae
1527 991 1671 1072 proxime
1695 991 1852 1056 antecedit
1875 995 2021 1058 enuntia·

198 1095 312 1168 'bona
342 1100 474 1182 κόναβος
501 1104 534 1159 ἐν
561 1097 670 1165 πύλαις
693 1095 889 1176 χαλκοδέτων
915 1100 1043 1157 οακέων.
1089 1095 1159 1172 Quo
1186 1096 1256 1159 loco
1285 1093 1516 1179 significantius
1543 1095 1673 1179 aliquod
1701 1097 1835 1161 verbum
1863 1101 1919 1182 qui
1943 1100 2020 1164 adeo

213 1208 383 1289 desiderat,
414 1214 450 1270 ut
481 1206 538 1268 hos
570 1221 684 1269 versus
715 1203 849 1286 κόναβος
881 1209 914 1263 ἐν
941 1201 1050 1271 πύλαις
1077 1201 1179 1263 δεινὰ
1208 1202 1412 1284 προμυχιλέζει
1434 1201 1629 1280 χαλκοδέτων
1657 1205 1778 1264 σακέων
1803 1205 1917 1290 fingat,
1943 1205 2021 1271 Din-

216 1313 334 1379 doriins
360 1314 564 1378 uehementer
592 1319 682 1375 errat
728 1310 809 1374 Nam
834 1330 993 1375 summam
1022 1309 1207 1374 brevitatem
1232 1309 1371 1373 maxime
1395 1313 1500 1390 aptam
1524 1325 1594 1372 esse
1616 1328 1714 1394 supra
1737 1311 1800 1374 iam
1825 1312 2021 1378 demonstra·

216 1423 321 1486 rimus
353 1421 390 1485 ad
419 1439 579 1484 summam
612 1419 773 1502 virginum
807 1417 1060 1501 trepidationem.
1107 1414 1320 1492 Quamobrem
1348 1416 1415 1498 ipse
1443 1412 1627 1479 Dindorfins
1658 1418 1845 1499 particulam
1873 1417 1914 1489 δέ,
1938 1439 2021 1502 quae

216 1549 244 1591 v.
265 1529 324 1592 140
349 1529 431 1591 siout
456 1528 518 1589 144
543 1528 575 1588 in
599 1525 706 1590 codice
729 1524 864 1606 additur,
888 1525 1036 1608 quamvis
1059 1523 1098 1586 ad
1121 1542 1281 1587 conexum
1306 1522 1535 1585 sententiarum
1558 1521 1802 1605 significandum
1822 1531 1927 1607 aptam
1950 1545 2021 1590 esse

214 1635 418 1700 Hermannus
451 1633 642 1716 exposuerit,
674 1632 774 1695 eicere
806 1639 913 1695 tamen
947 1650 1043 1713 quam
1077 1636 1282 1713 transponere
1315 1627 1435 1691 maluit.
1485 1625 1633 1712 Denique
1662 1631 1746 1712 quod
1775 1632 1808 1694 in
1838 1630 1897 1695 hoc
1925 1651 2020 1696 versu

213 1748 356 1826 superest
388 1739 484 1821 ἁγνὸν
516 1739 708 1803 adiectivum
741 1739 819 1822 quid
848 1737 907 1802 sibi
934 1736 1013 1800 velit
1041 1743 1077 1802 ut
1104 1735 1317 1820 explicemus,
1349 1733 1388 1797 ad
1416 1734 1494 1798 alios
1521 1734 1621 1816 locos,
1650 1735 1761 1819 quales
1789 1742 1865 1801 sunt
1891 1737 2019 1802 Pindar.

213 1849 260 1913 Ol.
284 1849 344 1932 III,
373 1850 412 1912 37
439 1845 540 1928 ἁγνὰν
563 1847 674 1926 κρίσιν,
700 1845 751 1908 vel
774 1844 903 1909 Homer.
927 1847 964 1905 H
984 1844 1048 1907 658
1072 1845 1133 1923 γνῶ
1156 1841 1216 1922 γὰρ
1240 1840 1312 1908 Διὸς
1334 1839 1388 1922 1ρά
1412 1839 1561 1911 τάλαντα,
1591 1861 1654 1905 non
1678 1861 1759 1926 opus
1782 1849 2021 1927 (retrocurrere,

212 1957 330 2021 nedum
350 1957 387 2020 nd
407 1956 619 2019 insanientem
638 1951 879 2016 scholiastarum
898 1952 937 2016 ad
960 1952 989 2014 h.
1008 1951 1027 2017 l.
1051 1951 1254 2035 sapientiam:
1279 1947 1342 2010 ἐπεὶ
1360 1950 1398 2009 οὐ
1414 1945 1528 2028 μιαρὸς
1552 1948 1569 2008 ὁ
1592 1953 1625 2009 ἐν
1642 1954 1764 2031 πολέμῳ
1781 1950 1885 2029 φόνος,
1908 1949 2022 2031 ἁγνὸν

212 2067 309 2132 τέλος
331 2062 406 2142 ἔφη,
434 2059 498 2122 ἐπεὶ
521 2065 551 2120 οἱ
575 2061 736 2138 πολεμίους
759 2060 994 2126 ἀποκτείναντες
1016 2060 1162 2138 καθαροί
1181 2062 1241 2118 εἰσι
1262 2057 1382 2136 μᾶλλον
1407 2055 1425 2129 ἢ
1449 2061 1478 2115 οἱ
1501 2057 1608 2132 φίλους
1631 2055 1796 2128 ἀνελόντες,
1825 2059 1879 2122 sed
1904 2061 2021 2143 optime

212 2171 250 2234 ab
269 2170 454 2236 Hermanno
472 2186 523 2231 res
543 2167 721 2249 exponitur,
738 2185 779 2229 ex
799 2167 892 2230 cuins
910 2166 1067 2230 sententia
1086 2164 1204 2228 chorus
1222 2181 1341 2246 purum
1360 2168 1393 2225 et
1410 2179 1549 2225 vacnum
1568 2162 1685 2228 scelere
1700 2164 1824 2228 exitum
1843 2163 1917 2228 belli
1937 2166 2021 2246 dicit,

213 2279 246 2340 in
269 2283 377 2340 mente
400 2273 518 2338 habens
542 2273 612 2336 odia
634 2272 777 2336 fratrum.
814 2271 979 2336 Postremo
1002 2273 1084 2335 lianc
1108 2268 1291 2353 quaemihi
1314 2269 1348 2330 in
1367 2267 1417 2331 his
1434 2267 1542 2332 verbis
1560 2271 1666 2334 inesse
1685 2270 1814 2335 videtur
1832 2273 2020 2337 sententiam

213 2403 287 2446 cnm
312 2383 369 2461 eie,
392 2399 473 2462 quae
496 2380 642 2463 proxime
667 2377 857 2442 antecedunt
880 2385 911 2442 et
934 2382 1129 2459 sequuntur,
1156 2376 1320 2459 aptissima
1342 2375 1462 2437 ratione
1486 2376 1638 2459 coniungi
1663 2377 1719 2439 vix
1742 2383 1792 2441 est
1815 2398 1872 2442 cur
1895 2378 2020 2443 disertis

215 2486 320 2550 verbis
350 2485 574 2551 demonstrem.
619 2484 702 2548 Nam
729 2490 899 2568 postquam
928 2483 1070 2566 abruptis
1096 2483 1160 2546 illis
1189 2480 1463 2545 enuntiationibus
1493 2478 1604 2562 ὄτοβον
1630 2482 1782 2563 ἁρμάτων
1814 2483 1898 2565 ἀμφὶ
1933 2484 2021 2546 πόλιν

215 2591 304 2654 κλύω.
336 2591 447 2652 ἔλακον
478 2590 597 2665 ἀξόνων
627 2592 825 2674 βριθομένων
850 2588 958 2668 χνόαι.
992 2588 1197 2670 δοριτίνακτος
1229 2586 1330 2669 αἰθὴρ
1365 2590 1560 2667 ἐπιμαίνεται
1593 2595 1625 2652 et
1656 2589 1837 2672 ἀκροβόλων
1868 2591 2021 2666 ἐπάλξεων

217 2696 310 2765 λιθὰς
340 2695 467 2778 ἔρχεται.
499 2696 633 2779 κόναβος
664 2703 697 2757 ἐν
728 2695 837 2763 πύλαις
864 2694 1060 2776 χαλκοδέτων
1091 2698 1212 2756 σακέων
1251 2695 1352 2761 multa
1382 2713 1490 2758 rerum
1523 2695 1673 2760 varietate
1705 2698 1845 2782 impetus
1878 2699 2019 2764 hostium

218 2805 332 2886 depicti
360 2811 448 2886 sunt,
475 2823 542 2867 non
570 2802 672 2866 solnm
697 2803 784 2867 haud
805 2805 912 2886 inepte
937 2804 983 2866 sic
1012 2801 1214 2867 concluditur
1236 2804 1349 2883 oratic,
1378 2806 1414 2866 ut
1437 2802 1544 2864 omnia
1566 2802 1600 2864 in
1623 2804 1764 2868 virorum
1788 2826 1896 2890 pugna
1918 2809 2021 2890 posita

215 2929 281 2974 esse
314 2911 451 2992 dicatur,
482 2929 593 2974 verum
627 2910 720 2974 etiarn
754 2927 859 2992 neque
891 2909 971 2973 illud
1003 2907 1043 2972 οὑ
1075 2931 1105 2970 τε
1137 2909 1271 2990 μάκαιρ’
1303 2907 1462 2969 ἄνοιτο...
1490 2907 1634 2989 ἐπιρρύου
1666 2911 1700 2973 in
1733 2910 1772 2973 οὑ
1805 2934 1852 2994 γε,
1882 2911 2017 2994 μάκαιρ’

212 3015 372 3078 ἅναοο...
405 3015 549 3094 ἐπιρρύου
576 3015 703 3079 Prienio
735 3016 925 3080 mutandum
959 3012 1040 3098 erat,
1072 3017 1158 3100 quod
1186 3023 1256 3080 tum
1285 3016 1414 3080 demum
1442 3020 1526 3079 recte
1555 3033 1589 3079 ee
1616 3015 1759 3099 haberet,
1787 3020 1813 3082 si
1842 3025 2019 3083 ceterorum

211 3124 343 3187 deorum
372 3121 531 3186 auxilium
559 3129 643 3185 esset
666 3121 907 3206 desperandum,
935 3127 966 3187 et
989 3143 1024 3182 τε
1046 3122 1100 3185 illa
1122 3123 1278 3206 particula
1300 3122 1452 3185 hocloco
1475 3121 1517 3198 id,
1542 3120 1627 3204 quod
1649 3123 1762 3187 eodem
1784 3125 1854 3208 ipso
1878 3130 2020 3210 ternpore

210 3249 273 3313 quo
295 3247 425 3314 pugnae
447 3229 574 3292 initium
602 3226 807 3312 efflagitatur,
830 3235 867 3292 ut
888 3229 953 3310 fiat,
976 3229 1058 3294 bene
1081 3229 1119 3292 ed
1144 3249 1181 3294 ea
1205 3248 1286 3313 quae
1309 3234 1550 3312 anteponuntur
1572 3229 1708 3293 conectit
1729 3232 1917 3313 paratactica
1936 3251 2019 3316 quae

212 3335 250 3397 ab
281 3336 494 3418 grammaticis
527 3334 703 3419 appellatur
733 3337 869 3416 ratione,
903 3335 1173 3419 quemadmodum
1206 3335 1291 3420 apud
1325 3335 1446 3400 solutae
1474 3336 1626 3400 orationis
1652 3337 1818 3420 scriptores
1846 3338 2018 3422 particulae

213 3440 331 3500 τέ-καέ
359 3441 511 3504 adhibitae
538 3441 749 3504 inveniuntur
776 3441 813 3504 oi.
842 3439 991 3526 Xenoph.
1019 3441 1121 3506 Anah.
1145 3443 1172 3524 Ι,
1195 3445 1225 3524 8,
1248 3445 1268 3506 8
1296 3441 1352 3503 καέ
1380 3441 1438 3518 ἤδη
1467 3464 1501 3502 τε
1526 3435 1565 3516 ἦν
1590 3445 1687 3523 μέσον
1710 3444 1828 3524 ἡμέρας
1855 3443 1910 3504 καὶ
1934 3442 2020 3505 οὔπω

214 3549 403 3625 καταφανεῖς
425 3541 507 3622 ἦσαν
529 3555 558 3609 οἱ
582 3551 730 3627 πολέμιοι,
753 3546 785 3609 id
807 3566 911 3631 genus
934 3547 1003 3611 alia

316 3654 428 3738 ltaque
451 3657 608 3720 sententia
629 3673 687 3739 per
709 3659 806 3718 totam
830 3653 1060 3738 antistropham
1084 3655 1163 3720 bene
1186 3658 1232 3720 sic
1250 3655 1419 3740 procedere
1436 3655 1572 3738 videtur,
1596 3661 1641 3738 ut,
1664 3675 1747 3720 cum
1766 3655 1840 3721 finis
1859 3657 1933 3722 belli
1952 3677 2017 3721 non

78 3847 81 3856 Ι
209 3762 272 3824 iarn
296 3763 396 3845 possit
418 3762 532 3826 adduci
556 3763 618 3826 nisi
642 3768 773 3827 strenua
795 3762 938 3825 virorum
956 3781 1075 3846 pugna,
1098 3763 1128 3826 id
1153 3763 1239 3846 quod
1262 3783 1304 3827 ex
1327 3782 1483 3828 curruum
1507 3763 1642 3844 strepitu
1665 3762 1866 3848 telorumque
1885 3764 2018 3828 stridore

208 3867 416 3952 lapidumque
443 3869 566 3954 fragore
599 3871 787 3953 crepituque
820 3875 986 3932 scutorum
1012 3888 1111 3953 prope
1137 3877 1244 3954 portas
1272 3869 1380 3934 audito
1408 3868 1620 3954 intellegitur,
1647 3875 1716 3932 tum
1745 3871 1884 3934 maxime
1912 3868 2016 3934 Pallas

207 3973 358 4040 bellicosa
389 3978 480 4062 virgo
513 3975 552 4040 ab
580 3975 758 4061 virginibus
784 3977 960 4056 invocetur,
993 3975 1043 4039 vel
1075 3981 1112 4039 ut
1139 3977 1310 4041 vernacula
1333 3978 1444 4061 lingna
1471 3981 1556 4040 utar:
1591 3974 1864 4058 „Verschiedenen
1888 3974 2018 4060 Kriegs·

208 4080 288 4146 liirm
307 4083 480 4148 vernehme
503 4081 555 4146 ich
579 4083 693 4147 bereits
715 4102 755 4145 an
780 4083 840 4146 den
855 4080 989 4163 Theren,
1007 4079 1089 4145 also
1109 4081 1179 4145 hilft
1192 4083 1272 4165 jetzt
1290 4085 1392 4148 nichts
1408 4085 1519 4148 weiter
1537 4083 1583 4147 als
1602 4082 1736 4167 tapferes
1750 4081 1917 4166 Kimpien,
1939 4082 2017 4147 und

209 4188 252 4252 da
276 4189 337 4252 hilf
357 4189 412 4271 du,
433 4189 547 4272 Pallas,
571 4189 621 4252 die
644 4187 733 4252 Stadt
754 4188 976 4273 verteidigen.“

317 4297 345 4359 3.
368 4297 429 4362 Sed
454 4297 530 4360 haec
553 4297 707 4359 hactenus
730 4295 769 4358 de
792 4294 914 4359 ultimis
937 4294 1062 4360 duobus
1086 4295 1183 4359 buius
1207 4298 1321 4361 cantici
1341 4298 1542 4382 stropharum
1560 4296 1697 4382 paribus.
1735 4294 1911 4360 Videamus
1929 4315 2017 4360 nunc

209 4403 248 4467 de
275 4405 321 4468 eis
350 4407 406 4488 qui
433 4405 576 4487 proxime
603 4402 794 4466 antecedunt
816 4401 963 4466 versibus
990 4404 1182 4467 104-134.
1226 4400 1275 4466 De
1303 4403 1352 4468 his
1378 4405 1477 4488 igitur
1503 4411 1541 4469 ut
1569 4423 1666 4488 quam
1693 4401 1881 4468 brevissime
1905 4403 2017 4486 dicam,

209 4509 287 4592 quid
314 4529 421 4594 usque
449 4509 554 4574 adhuc
582 4507 728 4574 effectum
757 4509 813 4572 sit:
844 4507 1042 4574 Godofredus
1069 4509 1278 4576 Hermannus
1305 4509 1379 4575 inde
1403 4530 1429 4573 a.
1453 4531 1482 4574 v.
1508 4513 1571 4576 110
1601 4527 1703 4594 usque
1732 4509 1772 4574 ad
1794 4530 1822 4571 v.
1850 4509 1923 4591 118,
1946 4518 2017 4594 post

209 4635 306 4700 quem
338 4617 453 4683 lacuna
485 4616 651 4682 statuenda
682 4617 711 4680 ei
742 4614 918 4697 videbatur,
948 4621 980 4680 et
1011 4637 1062 4679 vr.
1094 4617 1277 4681 125-130
1308 4618 1449 4701 primum
1482 4616 1681 4702 stropharum
1713 4635 1770 4700 par
1801 4635 1871 4681 esse
1903 4617 2016 4698 voluit,

210 4723 329 4806 quibus
357 4744 439 4808 quae
467 4725 652 4808 interposita
680 4723 832 4807 leguntur
858 4742 888 4784 v.
914 4723 1098 4786 120-124
1125 4743 1181 4809 pro
1209 4723 1338 4788 mesodo
1361 4723 1487 4806 habuit,
1515 4743 1597 4807 quae
1625 4724 1798 4807 praemissa
1820 4743 1877 4807 pro
1900 4722 2016 4787 alloeo·

210 4831 355 4914 strophis.
401 4831 445 4894 At
477 4829 657 4915 strophulae
689 4829 735 4892 illi
762 4828 957 4913 mesodicae,
990 4849 1072 4916 quae
1101 4831 1138 4894 ab
1167 4831 1226 4896 hoo
1254 4830 1324 4896 loco
1352 4830 1455 4894 aliena
1487 4847 1557 4895 esse
1585 4829 1726 4914 ridetur,
1757 4829 1888 4895 Carolus
1916 4827 2017 4892 Lach-

318 5058 362 5128 20)
381 5061 414 5115 ei.
433 5061 513 5116 eiiam
531 5059 640 5116 Pindar.
660 5059 701 5115 01.
722 5059 763 5128 13,
783 5059 834 5115 105
854 5059 880 5110 έν
901 5063 955 5128 θτῷ
970 5078 999 5124 ro
1016 5058 1073 5121 μὰν
1090 5061 1172 5120 τέλος.

1785 5145 1802 5199 2
